source_timestamp_ms,received_timestamp_ms,log_timestamp_ms,symbol,side,price,volume,latency_ms,total_quotes
1753273654467,1753273654467,1753273654467,EURUSD,ask,1.17268,200000.0,0.000,10
1753273654467,1753273654467,1753273654467,EURUSD,ask,1.17260,15000.0,0.000,10
1753273654467,1753273654467,1753273654467,EURUSD,ask,1.17258,1000.0,0.000,10
1753273654467,1753273654467,1753273654467,EURUSD,ask,1.17263,100000.0,0.000,10
1753273654467,1753273654467,1753273654467,EURUSD,ask,1.17261,80000.0,0.000,10
1753273654467,1753273654467,1753273654467,EURUSD,bid,1.17258,1000.0,0.000,10
1753273654467,1753273654467,1753273654467,EURUSD,bid,1.17249,200000.0,0.000,10
1753273654467,1753273654467,1753273654467,EURUSD,bid,1.17255,80000.0,0.000,10
1753273654467,1753273654467,1753273654467,EURUSD,bid,1.17257,15000.0,0.000,10
1753273654467,1753273654467,1753273654467,EURUSD,bid,1.17253,100000.0,0.000,10
1753273655884,1753273655884,1753273655884,EURUSD,ask,1.17268,200000.0,0.000,11
1753273655884,1753273655884,1753273655884,EURUSD,ask,1.17260,15000.0,0.000,11
1753273655884,1753273655884,1753273655884,EURUSD,ask,1.17258,1000.0,0.000,11
1753273655884,1753273655884,1753273655884,EURUSD,ask,1.17263,100000.0,0.000,11
1753273655884,1753273655884,1753273655884,EURUSD,ask,1.17261,80000.0,0.000,11
1753273655884,1753273655884,1753273655884,EURUSD,bid,1.17258,1000.0,0.000,11
1753273655884,1753273655884,1753273655884,EURUSD,bid,1.17249,200000.0,0.000,11
1753273655884,1753273655884,1753273655884,EURUSD,bid,1.17257,15000.0,0.000,11
1753273655884,1753273655884,1753273655884,EURUSD,bid,1.17255,50000.0,0.000,11
1753273655884,1753273655884,1753273655884,EURUSD,bid,1.17254,100000.0,0.000,11
1753273655884,1753273655884,1753273655884,EURUSD,bid,1.17256,30000.0,0.000,11
1753273656061,1753273656061,1753273656061,EURUSD,ask,1.17260,50000.0,0.000,10
1753273656061,1753273656061,1753273656061,EURUSD,ask,1.17267,200000.0,0.000,10
1753273656061,1753273656061,1753273656061,EURUSD,ask,1.17262,100000.0,0.000,10
1753273656061,1753273656061,1753273656061,EURUSD,ask,1.17259,45000.0,0.000,10
1753273656061,1753273656061,1753273656061,EURUSD,ask,1.17257,1000.0,0.000,10
1753273656061,1753273656061,1753273656061,EURUSD,bid,1.17256,15000.0,0.000,10
1753273656061,1753273656061,1753273656061,EURUSD,bid,1.17257,1000.0,0.000,10
1753273656061,1753273656061,1753273656061,EURUSD,bid,1.17252,100000.0,0.000,10
1753273656061,1753273656061,1753273656061,EURUSD,bid,1.17254,80000.0,0.000,10
1753273656061,1753273656061,1753273656061,EURUSD,bid,1.17247,200000.0,0.000,10
1753273656296,1753273656296,1753273656296,EURUSD,ask,1.17267,200000.0,0.000,10
1753273656296,1753273656296,1753273656296,EURUSD,ask,1.17261,50000.0,0.000,10
1753273656296,1753273656296,1753273656296,EURUSD,ask,1.17258,1000.0,0.000,10
1753273656296,1753273656296,1753273656296,EURUSD,ask,1.17263,100000.0,0.000,10
1753273656296,1753273656296,1753273656296,EURUSD,ask,1.17260,45000.0,0.000,10
1753273656296,1753273656296,1753273656296,EURUSD,bid,1.17255,80000.0,0.000,10
1753273656296,1753273656296,1753273656296,EURUSD,bid,1.17248,200000.0,0.000,10
1753273656296,1753273656296,1753273656296,EURUSD,bid,1.17257,15000.0,0.000,10
1753273656296,1753273656296,1753273656296,EURUSD,bid,1.17253,100000.0,0.000,10
1753273656296,1753273656296,1753273656296,EURUSD,bid,1.17258,1000.0,0.000,10
1753273657885,1753273657885,1753273657885,EURUSD,ask,1.17267,200000.0,0.000,10
1753273657885,1753273657885,1753273657885,EURUSD,ask,1.17261,50000.0,0.000,10
1753273657885,1753273657885,1753273657885,EURUSD,ask,1.17258,1000.0,0.000,10
1753273657885,1753273657885,1753273657885,EURUSD,ask,1.17263,100000.0,0.000,10
1753273657885,1753273657885,1753273657885,EURUSD,ask,1.17260,45000.0,0.000,10
1753273657885,1753273657885,1753273657885,EURUSD,bid,1.17255,80000.0,0.000,10
1753273657885,1753273657885,1753273657885,EURUSD,bid,1.17257,15000.0,0.000,10
1753273657885,1753273657885,1753273657885,EURUSD,bid,1.17253,100000.0,0.000,10
1753273657885,1753273657885,1753273657885,EURUSD,bid,1.17258,1000.0,0.000,10
1753273657885,1753273657885,1753273657885,EURUSD,bid,1.17249,200000.0,0.000,10
1753273659488,1753273659488,1753273659488,EURUSD,ask,1.17267,200000.0,0.000,10
1753273659488,1753273659488,1753273659488,EURUSD,ask,1.17261,50000.0,0.000,10
1753273659488,1753273659488,1753273659488,EURUSD,ask,1.17258,1000.0,0.000,10
1753273659488,1753273659488,1753273659488,EURUSD,ask,1.17263,100000.0,0.000,10
1753273659488,1753273659488,1753273659488,EURUSD,ask,1.17260,45000.0,0.000,10
1753273659488,1753273659488,1753273659488,EURUSD,bid,1.17255,80000.0,0.000,10
1753273659488,1753273659488,1753273659488,EURUSD,bid,1.17257,15000.0,0.000,10
1753273659488,1753273659488,1753273659488,EURUSD,bid,1.17253,100000.0,0.000,10
1753273659488,1753273659488,1753273659488,EURUSD,bid,1.17258,1000.0,0.000,10
1753273659488,1753273659488,1753273659488,EURUSD,bid,1.17248,200000.0,0.000,10
1753273660291,1753273660291,1753273660291,EURUSD,ask,1.17259,1000.0,0.000,11
1753273660291,1753273660291,1753273660291,EURUSD,ask,1.17268,200000.0,0.000,11
1753273660291,1753273660291,1753273660291,EURUSD,ask,1.17262,50000.0,0.000,11
1753273660291,1753273660291,1753273660291,EURUSD,ask,1.17264,100000.0,0.000,11
1753273660291,1753273660291,1753273660291,EURUSD,ask,1.17261,45000.0,0.000,11
1753273660291,1753273660291,1753273660291,EURUSD,bid,1.17258,15000.0,0.000,11
1753273660291,1753273660291,1753273660291,EURUSD,bid,1.17256,30000.0,0.000,11
1753273660291,1753273660291,1753273660291,EURUSD,bid,1.17254,100000.0,0.000,11
1753273660291,1753273660291,1753273660291,EURUSD,bid,1.17259,1000.0,0.000,11
1753273660291,1753273660291,1753273660291,EURUSD,bid,1.17255,50000.0,0.000,11
1753273660291,1753273660291,1753273660291,EURUSD,bid,1.17249,200000.0,0.000,11
1753273660521,1753273660521,1753273660521,EURUSD,ask,1.17267,200000.0,0.000,10
1753273660521,1753273660521,1753273660521,EURUSD,ask,1.17261,50000.0,0.000,10
1753273660521,1753273660521,1753273660521,EURUSD,ask,1.17258,1000.0,0.000,10
1753273660521,1753273660521,1753273660521,EURUSD,ask,1.17263,100000.0,0.000,10
1753273660521,1753273660521,1753273660521,EURUSD,ask,1.17260,45000.0,0.000,10
1753273660521,1753273660521,1753273660521,EURUSD,bid,1.17248,200000.0,0.000,10
1753273660521,1753273660521,1753273660521,EURUSD,bid,1.17253,100000.0,0.000,10
1753273660521,1753273660521,1753273660521,EURUSD,bid,1.17258,1000.0,0.000,10
1753273660521,1753273660521,1753273660521,EURUSD,bid,1.17255,80000.0,0.000,10
1753273660521,1753273660521,1753273660521,EURUSD,bid,1.17257,15000.0,0.000,10
1753273660890,1753273660890,1753273660890,EURUSD,ask,1.17261,50000.0,0.000,10
1753273660890,1753273660890,1753273660890,EURUSD,ask,1.17258,1000.0,0.000,10
1753273660890,1753273660890,1753273660890,EURUSD,ask,1.17263,100000.0,0.000,10
1753273660890,1753273660890,1753273660890,EURUSD,ask,1.17260,45000.0,0.000,10
1753273660890,1753273660890,1753273660890,EURUSD,bid,1.17248,200000.0,0.000,10
1753273660890,1753273660890,1753273660890,EURUSD,bid,1.17253,100000.0,0.000,10
1753273660890,1753273660890,1753273660890,EURUSD,bid,1.17258,1000.0,0.000,10
1753273660890,1753273660890,1753273660890,EURUSD,bid,1.17255,80000.0,0.000,10
1753273660890,1753273660890,1753273660890,EURUSD,bid,1.17257,15000.0,0.000,10
1753273660890,1753273660890,1753273660890,EURUSD,ask,1.17268,200000.0,0.000,10
1753273661289,1753273661289,1753273661289,EURUSD,bid,1.17248,200000.0,0.000,11
1753273661289,1753273661289,1753273661289,EURUSD,bid,1.17253,100000.0,0.000,11
1753273661289,1753273661289,1753273661289,EURUSD,ask,1.17259,1000.0,0.000,11
1753273661289,1753273661289,1753273661289,EURUSD,ask,1.17269,200000.0,0.000,11
1753273661289,1753273661289,1753273661289,EURUSD,ask,1.17262,80000.0,0.000,11
1753273661289,1753273661289,1753273661289,EURUSD,ask,1.17264,100000.0,0.000,11
1753273661289,1753273661289,1753273661289,EURUSD,ask,1.17261,15000.0,0.000,11
1753273661289,1753273661289,1753273661289,EURUSD,bid,1.17256,30000.0,0.000,11
1753273661289,1753273661289,1753273661289,EURUSD,bid,1.17259,1000.0,0.000,11
1753273661289,1753273661289,1753273661289,EURUSD,bid,1.17255,50000.0,0.000,11
1753273661289,1753273661289,1753273661289,EURUSD,bid,1.17258,15000.0,0.000,11
1753273663316,1753273663316,1753273663316,EURUSD,ask,1.17258,1000.0,0.000,11
1753273663316,1753273663316,1753273663316,EURUSD,ask,1.17268,200000.0,0.000,11
1753273663316,1753273663316,1753273663316,EURUSD,ask,1.17260,15000.0,0.000,11
1753273663316,1753273663316,1753273663316,EURUSD,ask,1.17261,80000.0,0.000,11
1753273663316,1753273663316,1753273663316,EURUSD,ask,1.17263,100000.0,0.000,11
1753273663316,1753273663316,1753273663316,EURUSD,bid,1.17257,15000.0,0.000,11
1753273663316,1753273663316,1753273663316,EURUSD,bid,1.17254,50000.0,0.000,11
1753273663316,1753273663316,1753273663316,EURUSD,bid,1.17255,30000.0,0.000,11
1753273663316,1753273663316,1753273663316,EURUSD,bid,1.17258,1000.0,0.000,11
1753273663316,1753273663316,1753273663316,EURUSD,bid,1.17247,200000.0,0.000,11
1753273663316,1753273663316,1753273663316,EURUSD,bid,1.17252,100000.0,0.000,11
1753273663691,1753273663691,1753273663691,EURUSD,ask,1.17258,1000.0,0.000,11
1753273663691,1753273663691,1753273663691,EURUSD,ask,1.17268,200000.0,0.000,11
1753273663691,1753273663691,1753273663691,EURUSD,ask,1.17260,15000.0,0.000,11
1753273663691,1753273663691,1753273663691,EURUSD,ask,1.17261,80000.0,0.000,11
1753273663691,1753273663691,1753273663691,EURUSD,ask,1.17263,100000.0,0.000,11
1753273663691,1753273663691,1753273663691,EURUSD,bid,1.17257,15000.0,0.000,11
1753273663691,1753273663691,1753273663691,EURUSD,bid,1.17254,50000.0,0.000,11
1753273663691,1753273663691,1753273663691,EURUSD,bid,1.17255,30000.0,0.000,11
1753273663691,1753273663691,1753273663691,EURUSD,bid,1.17258,1000.0,0.000,11
1753273663691,1753273663691,1753273663691,EURUSD,bid,1.17252,100000.0,0.000,11
1753273663691,1753273663691,1753273663691,EURUSD,bid,1.17248,200000.0,0.000,11
1753273664331,1753273664331,1753273664331,EURUSD,ask,1.17258,1000.0,0.000,11
1753273664331,1753273664331,1753273664331,EURUSD,ask,1.17268,200000.0,0.000,11
1753273664331,1753273664331,1753273664331,EURUSD,ask,1.17260,15000.0,0.000,11
1753273664331,1753273664331,1753273664331,EURUSD,ask,1.17261,80000.0,0.000,11
1753273664331,1753273664331,1753273664331,EURUSD,ask,1.17263,100000.0,0.000,11
1753273664331,1753273664331,1753273664331,EURUSD,bid,1.17257,15000.0,0.000,11
1753273664331,1753273664331,1753273664331,EURUSD,bid,1.17254,50000.0,0.000,11
1753273664331,1753273664331,1753273664331,EURUSD,bid,1.17255,30000.0,0.000,11
1753273664331,1753273664331,1753273664331,EURUSD,bid,1.17258,1000.0,0.000,11
1753273664331,1753273664331,1753273664331,EURUSD,bid,1.17248,200000.0,0.000,11
1753273664331,1753273664331,1753273664331,EURUSD,bid,1.17253,100000.0,0.000,11
1753273666920,1753273666920,1753273666920,EURUSD,ask,1.17260,100000.0,0.000,11
1753273666920,1753273666920,1753273666920,EURUSD,ask,1.17265,200000.0,0.000,11
1753273666920,1753273666920,1753273666920,EURUSD,ask,1.17258,80000.0,0.000,11
1753273666920,1753273666920,1753273666920,EURUSD,ask,1.17255,1000.0,0.000,11
1753273666920,1753273666920,1753273666920,EURUSD,ask,1.17257,15000.0,0.000,11
1753273666920,1753273666920,1753273666920,EURUSD,bid,1.17250,100000.0,0.000,11
1753273666920,1753273666920,1753273666920,EURUSD,bid,1.17254,15000.0,0.000,11
1753273666920,1753273666920,1753273666920,EURUSD,bid,1.17252,30000.0,0.000,11
1753273666920,1753273666920,1753273666920,EURUSD,bid,1.17245,200000.0,0.000,11
1753273666920,1753273666920,1753273666920,EURUSD,bid,1.17255,1000.0,0.000,11
1753273666920,1753273666920,1753273666920,EURUSD,bid,1.17251,50000.0,0.000,11
1753273667295,1753273667295,1753273667295,EURUSD,ask,1.17255,1000.0,0.000,12
1753273667295,1753273667295,1753273667295,EURUSD,ask,1.17257,15000.0,0.000,12
1753273667295,1753273667295,1753273667295,EURUSD,bid,1.17250,100000.0,0.000,12
1753273667295,1753273667295,1753273667295,EURUSD,bid,1.17254,15000.0,0.000,12
1753273667295,1753273667295,1753273667295,EURUSD,bid,1.17252,30000.0,0.000,12
1753273667295,1753273667295,1753273667295,EURUSD,bid,1.17245,200000.0,0.000,12
1753273667295,1753273667295,1753273667295,EURUSD,bid,1.17255,1000.0,0.000,12
1753273667295,1753273667295,1753273667295,EURUSD,bid,1.17251,50000.0,0.000,12
1753273667295,1753273667295,1753273667295,EURUSD,ask,1.17258,30000.0,0.000,12
1753273667295,1753273667295,1753273667295,EURUSD,ask,1.17261,100000.0,0.000,12
1753273667295,1753273667295,1753273667295,EURUSD,ask,1.17259,50000.0,0.000,12
1753273667295,1753273667295,1753273667295,EURUSD,ask,1.17266,200000.0,0.000,12
1753273667479,1753273667479,1753273667479,EURUSD,ask,1.17255,1000.0,0.000,11
1753273667479,1753273667479,1753273667479,EURUSD,ask,1.17257,15000.0,0.000,11
1753273667479,1753273667479,1753273667479,EURUSD,bid,1.17250,100000.0,0.000,11
1753273667479,1753273667479,1753273667479,EURUSD,bid,1.17254,15000.0,0.000,11
1753273667479,1753273667479,1753273667479,EURUSD,bid,1.17245,200000.0,0.000,11
1753273667479,1753273667479,1753273667479,EURUSD,bid,1.17255,1000.0,0.000,11
1753273667479,1753273667479,1753273667479,EURUSD,ask,1.17258,30000.0,0.000,11
1753273667479,1753273667479,1753273667479,EURUSD,ask,1.17261,100000.0,0.000,11
1753273667479,1753273667479,1753273667479,EURUSD,ask,1.17259,50000.0,0.000,11
1753273667479,1753273667479,1753273667479,EURUSD,ask,1.17266,200000.0,0.000,11
1753273667479,1753273667479,1753273667479,EURUSD,bid,1.17252,80000.0,0.000,11
1753273667723,1753273667723,1753273667723,EURUSD,ask,1.17256,15000.0,0.000,11
1753273667723,1753273667723,1753273667723,EURUSD,ask,1.17258,50000.0,0.000,11
1753273667723,1753273667723,1753273667723,EURUSD,ask,1.17265,200000.0,0.000,11
1753273667723,1753273667723,1753273667723,EURUSD,ask,1.17254,1000.0,0.000,11
1753273667723,1753273667723,1753273667723,EURUSD,ask,1.17260,100000.0,0.000,11
1753273667723,1753273667723,1753273667723,EURUSD,ask,1.17257,30000.0,0.000,11
1753273667723,1753273667723,1753273667723,EURUSD,bid,1.17253,15000.0,0.000,11
1753273667723,1753273667723,1753273667723,EURUSD,bid,1.17251,80000.0,0.000,11
1753273667723,1753273667723,1753273667723,EURUSD,bid,1.17254,1000.0,0.000,11
1753273667723,1753273667723,1753273667723,EURUSD,bid,1.17249,100000.0,0.000,11
1753273667723,1753273667723,1753273667723,EURUSD,bid,1.17244,200000.0,0.000,11
1753273670682,1753273670682,1753273670682,EURUSD,ask,1.17256,15000.0,0.000,11
1753273670682,1753273670682,1753273670682,EURUSD,ask,1.17258,50000.0,0.000,11
1753273670682,1753273670682,1753273670682,EURUSD,ask,1.17265,200000.0,0.000,11
1753273670682,1753273670682,1753273670682,EURUSD,ask,1.17260,100000.0,0.000,11
1753273670682,1753273670682,1753273670682,EURUSD,ask,1.17257,30000.0,0.000,11
1753273670682,1753273670682,1753273670682,EURUSD,bid,1.17253,15000.0,0.000,11
1753273670682,1753273670682,1753273670682,EURUSD,bid,1.17251,80000.0,0.000,11
1753273670682,1753273670682,1753273670682,EURUSD,bid,1.17254,1000.0,0.000,11
1753273670682,1753273670682,1753273670682,EURUSD,bid,1.17249,100000.0,0.000,11
1753273670682,1753273670682,1753273670682,EURUSD,bid,1.17244,200000.0,0.000,11
1753273670682,1753273670682,1753273670682,EURUSD,ask,1.17255,1000.0,0.000,11
1753273671689,1753273671689,1753273671689,EURUSD,ask,1.17256,15000.0,0.000,11
1753273671689,1753273671689,1753273671689,EURUSD,ask,1.17258,50000.0,0.000,11
1753273671689,1753273671689,1753273671689,EURUSD,ask,1.17265,200000.0,0.000,11
1753273671689,1753273671689,1753273671689,EURUSD,ask,1.17260,100000.0,0.000,11
1753273671689,1753273671689,1753273671689,EURUSD,ask,1.17257,30000.0,0.000,11
1753273671689,1753273671689,1753273671689,EURUSD,bid,1.17253,15000.0,0.000,11
1753273671689,1753273671689,1753273671689,EURUSD,bid,1.17251,80000.0,0.000,11
1753273671689,1753273671689,1753273671689,EURUSD,bid,1.17254,1000.0,0.000,11
1753273671689,1753273671689,1753273671689,EURUSD,bid,1.17249,100000.0,0.000,11
1753273671689,1753273671689,1753273671689,EURUSD,bid,1.17244,200000.0,0.000,11
1753273671689,1753273671689,1753273671689,EURUSD,ask,1.17254,1000.0,0.000,11
1753273676687,1753273676687,1753273676687,EURUSD,ask,1.17256,15000.0,0.000,12
1753273676687,1753273676687,1753273676687,EURUSD,ask,1.17258,50000.0,0.000,12
1753273676687,1753273676687,1753273676687,EURUSD,ask,1.17265,200000.0,0.000,12
1753273676687,1753273676687,1753273676687,EURUSD,ask,1.17260,100000.0,0.000,12
1753273676687,1753273676687,1753273676687,EURUSD,ask,1.17257,30000.0,0.000,12
1753273676687,1753273676687,1753273676687,EURUSD,bid,1.17253,15000.0,0.000,12
1753273676687,1753273676687,1753273676687,EURUSD,bid,1.17254,1000.0,0.000,12
1753273676687,1753273676687,1753273676687,EURUSD,ask,1.17254,1000.0,0.000,12
1753273676687,1753273676687,1753273676687,EURUSD,bid,1.17250,50000.0,0.000,12
1753273676687,1753273676687,1753273676687,EURUSD,bid,1.17243,200000.0,0.000,12
1753273676687,1753273676687,1753273676687,EURUSD,bid,1.17248,100000.0,0.000,12
1753273676687,1753273676687,1753273676687,EURUSD,bid,1.17251,30000.0,0.000,12
1753273678287,1753273678287,1753273678287,EURUSD,ask,1.17256,15000.0,0.000,12
1753273678287,1753273678287,1753273678287,EURUSD,ask,1.17258,50000.0,0.000,12
1753273678287,1753273678287,1753273678287,EURUSD,ask,1.17265,200000.0,0.000,12
1753273678287,1753273678287,1753273678287,EURUSD,ask,1.17260,100000.0,0.000,12
1753273678287,1753273678287,1753273678287,EURUSD,ask,1.17257,30000.0,0.000,12
1753273678287,1753273678287,1753273678287,EURUSD,bid,1.17253,15000.0,0.000,12
1753273678287,1753273678287,1753273678287,EURUSD,bid,1.17254,1000.0,0.000,12
1753273678287,1753273678287,1753273678287,EURUSD,ask,1.17254,1000.0,0.000,12
1753273678287,1753273678287,1753273678287,EURUSD,bid,1.17250,50000.0,0.000,12
1753273678287,1753273678287,1753273678287,EURUSD,bid,1.17251,30000.0,0.000,12
1753273678287,1753273678287,1753273678287,EURUSD,bid,1.17244,200000.0,0.000,12
1753273678287,1753273678287,1753273678287,EURUSD,bid,1.17249,100000.0,0.000,12
1753273678487,1753273678487,1753273678487,EURUSD,ask,1.17256,15000.0,0.000,11
1753273678487,1753273678487,1753273678487,EURUSD,ask,1.17258,50000.0,0.000,11
1753273678487,1753273678487,1753273678487,EURUSD,ask,1.17265,200000.0,0.000,11
1753273678487,1753273678487,1753273678487,EURUSD,ask,1.17260,100000.0,0.000,11
1753273678487,1753273678487,1753273678487,EURUSD,ask,1.17257,30000.0,0.000,11
1753273678487,1753273678487,1753273678487,EURUSD,bid,1.17253,15000.0,0.000,11
1753273678487,1753273678487,1753273678487,EURUSD,bid,1.17254,1000.0,0.000,11
1753273678487,1753273678487,1753273678487,EURUSD,ask,1.17254,1000.0,0.000,11
1753273678487,1753273678487,1753273678487,EURUSD,bid,1.17244,200000.0,0.000,11
1753273678487,1753273678487,1753273678487,EURUSD,bid,1.17249,100000.0,0.000,11
1753273678487,1753273678487,1753273678487,EURUSD,bid,1.17251,80000.0,0.000,11
1753273678887,1753273678887,1753273678887,EURUSD,bid,1.17244,200000.0,0.000,12
1753273678887,1753273678887,1753273678887,EURUSD,bid,1.17249,100000.0,0.000,12
1753273678887,1753273678887,1753273678887,EURUSD,ask,1.17262,100000.0,0.000,12
1753273678887,1753273678887,1753273678887,EURUSD,ask,1.17256,1000.0,0.000,12
1753273678887,1753273678887,1753273678887,EURUSD,ask,1.17258,15000.0,0.000,12
1753273678887,1753273678887,1753273678887,EURUSD,ask,1.17260,50000.0,0.000,12
1753273678887,1753273678887,1753273678887,EURUSD,ask,1.17267,200000.0,0.000,12
1753273678887,1753273678887,1753273678887,EURUSD,ask,1.17259,30000.0,0.000,12
1753273678887,1753273678887,1753273678887,EURUSD,bid,1.17251,50000.0,0.000,12
1753273678887,1753273678887,1753273678887,EURUSD,bid,1.17252,30000.0,0.000,12
1753273678887,1753273678887,1753273678887,EURUSD,bid,1.17255,15000.0,0.000,12
1753273678887,1753273678887,1753273678887,EURUSD,bid,1.17256,1000.0,0.000,12
1753273679486,1753273679486,1753273679486,EURUSD,ask,1.17255,1000.0,0.000,13
1753273679486,1753273679486,1753273679486,EURUSD,ask,1.17261,100000.0,0.000,13
1753273679486,1753273679486,1753273679486,EURUSD,ask,1.17257,15000.0,0.000,13
1753273679486,1753273679486,1753273679486,EURUSD,ask,1.17258,30000.0,0.000,13
1753273679486,1753273679486,1753273679486,EURUSD,ask,1.17266,200000.0,0.000,13
1753273679486,1753273679486,1753273679486,EURUSD,ask,1.17259,50000.0,0.000,13
1753273679486,1753273679486,1753273679486,EURUSD,bid,1.17246,100000.0,0.000,13
1753273679486,1753273679486,1753273679486,EURUSD,bid,1.17253,10000.0,0.000,13
1753273679486,1753273679486,1753273679486,EURUSD,bid,1.17250,30000.0,0.000,13
1753273679486,1753273679486,1753273679486,EURUSD,bid,1.17240,200000.0,0.000,13
1753273679486,1753273679486,1753273679486,EURUSD,bid,1.17248,50000.0,0.000,13
1753273679486,1753273679486,1753273679486,EURUSD,bid,1.17254,5000.0,0.000,13
1753273679486,1753273679486,1753273679486,EURUSD,bid,1.17255,1000.0,0.000,13
1753273680288,1753273680288,1753273680289,EURUSD,ask,1.17255,1000.0,1.000,13
1753273680288,1753273680288,1753273680289,EURUSD,ask,1.17261,100000.0,1.000,13
1753273680288,1753273680288,1753273680289,EURUSD,ask,1.17257,15000.0,1.000,13
1753273680288,1753273680288,1753273680289,EURUSD,ask,1.17258,30000.0,1.000,13
1753273680288,1753273680288,1753273680289,EURUSD,ask,1.17266,200000.0,1.000,13
1753273680288,1753273680288,1753273680289,EURUSD,ask,1.17259,50000.0,1.000,13
1753273680288,1753273680288,1753273680289,EURUSD,bid,1.17253,10000.0,1.000,13
1753273680288,1753273680288,1753273680289,EURUSD,bid,1.17250,30000.0,1.000,13
1753273680288,1753273680288,1753273680289,EURUSD,bid,1.17240,200000.0,1.000,13
1753273680288,1753273680288,1753273680289,EURUSD,bid,1.17248,50000.0,1.000,13
1753273680288,1753273680288,1753273680289,EURUSD,bid,1.17254,5000.0,1.000,13
1753273680288,1753273680288,1753273680289,EURUSD,bid,1.17255,1000.0,1.000,13
1753273680288,1753273680288,1753273680289,EURUSD,bid,1.17245,100000.0,1.000,13
1753273680533,1753273680533,1753273680533,EURUSD,ask,1.17252,1000.0,0.000,11
1753273680533,1753273680533,1753273680533,EURUSD,ask,1.17257,100000.0,0.000,11
1753273680533,1753273680533,1753273680533,EURUSD,ask,1.17262,200000.0,0.000,11
1753273680533,1753273680533,1753273680533,EURUSD,ask,1.17254,15000.0,0.000,11
1753273680533,1753273680533,1753273680533,EURUSD,ask,1.17255,80000.0,0.000,11
1753273680533,1753273680533,1753273680533,EURUSD,bid,1.17247,30000.0,0.000,11
1753273680533,1753273680533,1753273680533,EURUSD,bid,1.17252,1000.0,0.000,11
1753273680533,1753273680533,1753273680533,EURUSD,bid,1.17238,200000.0,0.000,11
1753273680533,1753273680533,1753273680533,EURUSD,bid,1.17246,50000.0,0.000,11
1753273680533,1753273680533,1753273680533,EURUSD,bid,1.17251,15000.0,0.000,11
1753273680533,1753273680533,1753273680533,EURUSD,bid,1.17243,100000.0,0.000,11
1753273680722,1753273680722,1753273680722,EURUSD,ask,1.17257,100000.0,0.000,11
1753273680722,1753273680722,1753273680722,EURUSD,ask,1.17262,200000.0,0.000,11
1753273680722,1753273680722,1753273680722,EURUSD,ask,1.17254,15000.0,0.000,11
1753273680722,1753273680722,1753273680722,EURUSD,ask,1.17255,80000.0,0.000,11
1753273680722,1753273680722,1753273680722,EURUSD,bid,1.17247,30000.0,0.000,11
1753273680722,1753273680722,1753273680722,EURUSD,bid,1.17252,1000.0,0.000,11
1753273680722,1753273680722,1753273680722,EURUSD,bid,1.17238,200000.0,0.000,11
1753273680722,1753273680722,1753273680722,EURUSD,bid,1.17246,50000.0,0.000,11
1753273680722,1753273680722,1753273680722,EURUSD,bid,1.17251,15000.0,0.000,11
1753273680722,1753273680722,1753273680722,EURUSD,bid,1.17243,100000.0,0.000,11
1753273680722,1753273680722,1753273680722,EURUSD,ask,1.17253,1000.0,0.000,11
1753273680893,1753273680893,1753273680894,EURUSD,ask,1.17257,100000.0,1.000,10
1753273680893,1753273680893,1753273680894,EURUSD,ask,1.17262,200000.0,1.000,10
1753273680893,1753273680893,1753273680894,EURUSD,ask,1.17254,15000.0,1.000,10
1753273680893,1753273680893,1753273680894,EURUSD,ask,1.17255,80000.0,1.000,10
1753273680893,1753273680893,1753273680894,EURUSD,bid,1.17247,30000.0,1.000,10
1753273680893,1753273680893,1753273680894,EURUSD,bid,1.17238,200000.0,1.000,10
1753273680893,1753273680893,1753273680894,EURUSD,bid,1.17246,50000.0,1.000,10
1753273680893,1753273680893,1753273680894,EURUSD,bid,1.17243,100000.0,1.000,10
1753273680893,1753273680893,1753273680894,EURUSD,ask,1.17253,1000.0,1.000,10
1753273680893,1753273680893,1753273680894,EURUSD,bid,1.17251,16000.0,1.000,10
1753273681517,1753273681517,1753273681517,EURUSD,ask,1.17256,80000.0,0.000,9
1753273681517,1753273681517,1753273681517,EURUSD,ask,1.17255,15000.0,0.000,9
1753273681517,1753273681517,1753273681517,EURUSD,ask,1.17254,1000.0,0.000,9
1753273681517,1753273681517,1753273681517,EURUSD,ask,1.17258,100000.0,0.000,9
1753273681517,1753273681517,1753273681517,EURUSD,ask,1.17263,200000.0,0.000,9
1753273681517,1753273681517,1753273681517,EURUSD,bid,1.17243,200000.0,0.000,9
1753273681517,1753273681517,1753273681517,EURUSD,bid,1.17248,100000.0,0.000,9
1753273681517,1753273681517,1753273681517,EURUSD,bid,1.17250,80000.0,0.000,9
1753273681517,1753273681517,1753273681517,EURUSD,bid,1.17252,16000.0,0.000,9
1753273681688,1753273681688,1753273681688,EURUSD,ask,1.17254,1000.0,0.000,11
1753273681688,1753273681688,1753273681688,EURUSD,bid,1.17243,200000.0,0.000,11
1753273681688,1753273681688,1753273681688,EURUSD,bid,1.17248,100000.0,0.000,11
1753273681688,1753273681688,1753273681688,EURUSD,ask,1.17257,80000.0,0.000,11
1753273681688,1753273681688,1753273681688,EURUSD,ask,1.17256,15000.0,0.000,11
1753273681688,1753273681688,1753273681688,EURUSD,ask,1.17264,200000.0,0.000,11
1753273681688,1753273681688,1753273681688,EURUSD,ask,1.17259,100000.0,0.000,11
1753273681688,1753273681688,1753273681688,EURUSD,bid,1.17254,1000.0,0.000,11
1753273681688,1753273681688,1753273681688,EURUSD,bid,1.17251,30000.0,0.000,11
1753273681688,1753273681688,1753273681688,EURUSD,bid,1.17253,15000.0,0.000,11
1753273681688,1753273681688,1753273681688,EURUSD,bid,1.17250,50000.0,0.000,11
1753273681900,1753273681900,1753273681900,EURUSD,ask,1.17257,100000.0,0.000,11
1753273681900,1753273681900,1753273681900,EURUSD,ask,1.17262,200000.0,0.000,11
1753273681900,1753273681900,1753273681900,EURUSD,ask,1.17255,80000.0,0.000,11
1753273681900,1753273681900,1753273681900,EURUSD,ask,1.17252,1000.0,0.000,11
1753273681900,1753273681900,1753273681900,EURUSD,ask,1.17254,15000.0,0.000,11
1753273681900,1753273681900,1753273681900,EURUSD,bid,1.17243,100000.0,0.000,11
1753273681900,1753273681900,1753273681900,EURUSD,bid,1.17247,30000.0,0.000,11
1753273681900,1753273681900,1753273681900,EURUSD,bid,1.17238,200000.0,0.000,11
1753273681900,1753273681900,1753273681900,EURUSD,bid,1.17246,50000.0,0.000,11
1753273681900,1753273681900,1753273681900,EURUSD,bid,1.17252,1000.0,0.000,11
1753273681900,1753273681900,1753273681900,EURUSD,bid,1.17251,15000.0,0.000,11
1753273682291,1753273682291,1753273682291,EURUSD,ask,1.17257,100000.0,0.000,11
1753273682291,1753273682291,1753273682291,EURUSD,ask,1.17262,200000.0,0.000,11
1753273682291,1753273682291,1753273682291,EURUSD,ask,1.17255,80000.0,0.000,11
1753273682291,1753273682291,1753273682291,EURUSD,ask,1.17252,1000.0,0.000,11
1753273682291,1753273682291,1753273682291,EURUSD,ask,1.17254,15000.0,0.000,11
1753273682291,1753273682291,1753273682291,EURUSD,bid,1.17243,100000.0,0.000,11
1753273682291,1753273682291,1753273682291,EURUSD,bid,1.17238,200000.0,0.000,11
1753273682291,1753273682291,1753273682291,EURUSD,bid,1.17246,50000.0,0.000,11
1753273682291,1753273682291,1753273682291,EURUSD,bid,1.17252,1000.0,0.000,11
1753273682291,1753273682291,1753273682291,EURUSD,bid,1.17251,15000.0,0.000,11
1753273682291,1753273682291,1753273682291,EURUSD,bid,1.17248,30000.0,0.000,11
1753273683881,1753273683881,1753273683881,EURUSD,ask,1.17257,100000.0,0.000,11
1753273683881,1753273683881,1753273683881,EURUSD,ask,1.17252,1000.0,0.000,11
1753273683881,1753273683881,1753273683881,EURUSD,bid,1.17252,1000.0,0.000,11
1753273683881,1753273683881,1753273683881,EURUSD,bid,1.17251,15000.0,0.000,11
1753273683881,1753273683881,1753273683881,EURUSD,bid,1.17248,30000.0,0.000,11
1753273683881,1753273683881,1753273683881,EURUSD,ask,1.17254,45000.0,0.000,11
1753273683881,1753273683881,1753273683881,EURUSD,ask,1.17261,200000.0,0.000,11
1753273683881,1753273683881,1753273683881,EURUSD,ask,1.17255,50000.0,0.000,11
1753273683881,1753273683881,1753273683881,EURUSD,bid,1.17247,50000.0,0.000,11
1753273683881,1753273683881,1753273683881,EURUSD,bid,1.17239,200000.0,0.000,11
1753273683881,1753273683881,1753273683881,EURUSD,bid,1.17244,100000.0,0.000,11
1753273684060,1753273684060,1753273684060,EURUSD,ask,1.17257,100000.0,0.000,11
1753273684060,1753273684060,1753273684060,EURUSD,ask,1.17252,1000.0,0.000,11
1753273684060,1753273684060,1753273684060,EURUSD,bid,1.17252,1000.0,0.000,11
1753273684060,1753273684060,1753273684060,EURUSD,bid,1.17251,15000.0,0.000,11
1753273684060,1753273684060,1753273684060,EURUSD,bid,1.17248,30000.0,0.000,11
1753273684060,1753273684060,1753273684060,EURUSD,bid,1.17247,50000.0,0.000,11
1753273684060,1753273684060,1753273684060,EURUSD,bid,1.17239,200000.0,0.000,11
1753273684060,1753273684060,1753273684060,EURUSD,bid,1.17244,100000.0,0.000,11
1753273684060,1753273684060,1753273684060,EURUSD,ask,1.17255,80000.0,0.000,11
1753273684060,1753273684060,1753273684060,EURUSD,ask,1.17254,15000.0,0.000,11
1753273684060,1753273684060,1753273684060,EURUSD,ask,1.17262,200000.0,0.000,11
1753273684290,1753273684290,1753273684290,EURUSD,bid,1.17247,50000.0,0.000,11
1753273684290,1753273684290,1753273684290,EURUSD,ask,1.17263,200000.0,0.000,11
1753273684290,1753273684290,1753273684290,EURUSD,ask,1.17256,80000.0,0.000,11
1753273684290,1753273684290,1753273684290,EURUSD,ask,1.17253,1000.0,0.000,11
1753273684290,1753273684290,1753273684290,EURUSD,ask,1.17258,100000.0,0.000,11
1753273684290,1753273684290,1753273684290,EURUSD,ask,1.17255,15000.0,0.000,11
1753273684290,1753273684290,1753273684290,EURUSD,bid,1.17253,1000.0,0.000,11
1753273684290,1753273684290,1753273684290,EURUSD,bid,1.17249,30000.0,0.000,11
1753273684290,1753273684290,1753273684290,EURUSD,bid,1.17240,200000.0,0.000,11
1753273684290,1753273684290,1753273684290,EURUSD,bid,1.17252,15000.0,0.000,11
1753273684290,1753273684290,1753273684290,EURUSD,bid,1.17245,100000.0,0.000,11
1753273684480,1753273684480,1753273684480,EURUSD,bid,1.17247,50000.0,0.000,11
1753273684480,1753273684480,1753273684480,EURUSD,ask,1.17263,200000.0,0.000,11
1753273684480,1753273684480,1753273684480,EURUSD,ask,1.17256,80000.0,0.000,11
1753273684480,1753273684480,1753273684480,EURUSD,ask,1.17253,1000.0,0.000,11
1753273684480,1753273684480,1753273684480,EURUSD,ask,1.17258,100000.0,0.000,11
1753273684480,1753273684480,1753273684480,EURUSD,ask,1.17255,15000.0,0.000,11
1753273684480,1753273684480,1753273684480,EURUSD,bid,1.17253,1000.0,0.000,11
1753273684480,1753273684480,1753273684480,EURUSD,bid,1.17252,15000.0,0.000,11
1753273684480,1753273684480,1753273684480,EURUSD,bid,1.17239,200000.0,0.000,11
1753273684480,1753273684480,1753273684480,EURUSD,bid,1.17248,30000.0,0.000,11
1753273684480,1753273684480,1753273684480,EURUSD,bid,1.17244,100000.0,0.000,11
1753273686482,1753273686482,1753273686482,EURUSD,bid,1.17247,50000.0,0.000,11
1753273686482,1753273686482,1753273686482,EURUSD,ask,1.17263,200000.0,0.000,11
1753273686482,1753273686482,1753273686482,EURUSD,ask,1.17256,80000.0,0.000,11
1753273686482,1753273686482,1753273686482,EURUSD,ask,1.17253,1000.0,0.000,11
1753273686482,1753273686482,1753273686482,EURUSD,ask,1.17258,100000.0,0.000,11
1753273686482,1753273686482,1753273686482,EURUSD,ask,1.17255,15000.0,0.000,11
1753273686482,1753273686482,1753273686482,EURUSD,bid,1.17253,1000.0,0.000,11
1753273686482,1753273686482,1753273686482,EURUSD,bid,1.17252,15000.0,0.000,11
1753273686482,1753273686482,1753273686482,EURUSD,bid,1.17249,30000.0,0.000,11
1753273686482,1753273686482,1753273686482,EURUSD,bid,1.17245,100000.0,0.000,11
1753273686482,1753273686482,1753273686482,EURUSD,bid,1.17240,200000.0,0.000,11
1753273686681,1753273686681,1753273686681,EURUSD,bid,1.17247,50000.0,0.000,11
1753273686681,1753273686681,1753273686681,EURUSD,ask,1.17263,200000.0,0.000,11
1753273686681,1753273686681,1753273686681,EURUSD,ask,1.17256,80000.0,0.000,11
1753273686681,1753273686681,1753273686681,EURUSD,ask,1.17253,1000.0,0.000,11
1753273686681,1753273686681,1753273686681,EURUSD,ask,1.17258,100000.0,0.000,11
1753273686681,1753273686681,1753273686681,EURUSD,ask,1.17255,15000.0,0.000,11
1753273686681,1753273686681,1753273686681,EURUSD,bid,1.17253,1000.0,0.000,11
1753273686681,1753273686681,1753273686681,EURUSD,bid,1.17252,15000.0,0.000,11
1753273686681,1753273686681,1753273686681,EURUSD,bid,1.17239,200000.0,0.000,11
1753273686681,1753273686681,1753273686681,EURUSD,bid,1.17244,100000.0,0.000,11
1753273686681,1753273686681,1753273686681,EURUSD,bid,1.17248,30000.0,0.000,11
1753273687279,1753273687279,1753273687279,EURUSD,ask,1.17263,200000.0,0.000,12
1753273687279,1753273687279,1753273687279,EURUSD,ask,1.17253,1000.0,0.000,12
1753273687279,1753273687279,1753273687279,EURUSD,ask,1.17258,100000.0,0.000,12
1753273687279,1753273687279,1753273687279,EURUSD,ask,1.17255,15000.0,0.000,12
1753273687279,1753273687279,1753273687279,EURUSD,bid,1.17253,1000.0,0.000,12
1753273687279,1753273687279,1753273687279,EURUSD,bid,1.17252,15000.0,0.000,12
1753273687279,1753273687279,1753273687279,EURUSD,ask,1.17256,30000.0,0.000,12
1753273687279,1753273687279,1753273687279,EURUSD,ask,1.17257,50000.0,0.000,12
1753273687279,1753273687279,1753273687279,EURUSD,bid,1.17242,200000.0,0.000,12
1753273687279,1753273687279,1753273687279,EURUSD,bid,1.17247,100000.0,0.000,12
1753273687279,1753273687279,1753273687279,EURUSD,bid,1.17249,50000.0,0.000,12
1753273687279,1753273687279,1753273687279,EURUSD,bid,1.17250,30000.0,0.000,12
1753273687484,1753273687484,1753273687484,EURUSD,bid,1.17250,30000.0,0.000,11
1753273687484,1753273687484,1753273687484,EURUSD,ask,1.17259,100000.0,0.000,11
1753273687484,1753273687484,1753273687484,EURUSD,ask,1.17256,15000.0,0.000,11
1753273687484,1753273687484,1753273687484,EURUSD,ask,1.17254,1000.0,0.000,11
1753273687484,1753273687484,1753273687484,EURUSD,ask,1.17264,200000.0,0.000,11
1753273687484,1753273687484,1753273687484,EURUSD,ask,1.17257,80000.0,0.000,11
1753273687484,1753273687484,1753273687484,EURUSD,bid,1.17254,1000.0,0.000,11
1753273687484,1753273687484,1753273687484,EURUSD,bid,1.17248,50000.0,0.000,11
1753273687484,1753273687484,1753273687484,EURUSD,bid,1.17245,100000.0,0.000,11
1753273687484,1753273687484,1753273687484,EURUSD,bid,1.17253,15000.0,0.000,11
1753273687484,1753273687484,1753273687484,EURUSD,bid,1.17240,200000.0,0.000,11
1753273688484,1753273688484,1753273688484,EURUSD,bid,1.17248,50000.0,0.000,11
1753273688484,1753273688484,1753273688484,EURUSD,bid,1.17245,100000.0,0.000,11
1753273688484,1753273688484,1753273688484,EURUSD,bid,1.17240,200000.0,0.000,11
1753273688484,1753273688484,1753273688484,EURUSD,ask,1.17255,15000.0,0.000,11
1753273688484,1753273688484,1753273688484,EURUSD,ask,1.17258,100000.0,0.000,11
1753273688484,1753273688484,1753273688484,EURUSD,ask,1.17256,80000.0,0.000,11
1753273688484,1753273688484,1753273688484,EURUSD,ask,1.17263,200000.0,0.000,11
1753273688484,1753273688484,1753273688484,EURUSD,ask,1.17253,1000.0,0.000,11
1753273688484,1753273688484,1753273688484,EURUSD,bid,1.17249,30000.0,0.000,11
1753273688484,1753273688484,1753273688484,EURUSD,bid,1.17253,1000.0,0.000,11
1753273688484,1753273688484,1753273688484,EURUSD,bid,1.17252,15000.0,0.000,11
1753273688881,1753273688881,1753273688881,EURUSD,bid,1.17248,50000.0,0.000,11
1753273688881,1753273688881,1753273688881,EURUSD,ask,1.17255,15000.0,0.000,11
1753273688881,1753273688881,1753273688881,EURUSD,ask,1.17258,100000.0,0.000,11
1753273688881,1753273688881,1753273688881,EURUSD,ask,1.17256,80000.0,0.000,11
1753273688881,1753273688881,1753273688881,EURUSD,ask,1.17263,200000.0,0.000,11
1753273688881,1753273688881,1753273688881,EURUSD,ask,1.17253,1000.0,0.000,11
1753273688881,1753273688881,1753273688881,EURUSD,bid,1.17249,30000.0,0.000,11
1753273688881,1753273688881,1753273688881,EURUSD,bid,1.17253,1000.0,0.000,11
1753273688881,1753273688881,1753273688881,EURUSD,bid,1.17252,15000.0,0.000,11
1753273688881,1753273688881,1753273688881,EURUSD,bid,1.17246,100000.0,0.000,11
1753273688881,1753273688881,1753273688881,EURUSD,bid,1.17241,200000.0,0.000,11
1753273689293,1753273689293,1753273689293,EURUSD,bid,1.17248,50000.0,0.000,11
1753273689293,1753273689293,1753273689293,EURUSD,ask,1.17264,200000.0,0.000,11
1753273689293,1753273689293,1753273689293,EURUSD,ask,1.17256,15000.0,0.000,11
1753273689293,1753273689293,1753273689293,EURUSD,ask,1.17257,80000.0,0.000,11
1753273689293,1753273689293,1753273689293,EURUSD,ask,1.17254,1000.0,0.000,11
1753273689293,1753273689293,1753273689293,EURUSD,ask,1.17259,100000.0,0.000,11
1753273689293,1753273689293,1753273689293,EURUSD,bid,1.17245,100000.0,0.000,11
1753273689293,1753273689293,1753273689293,EURUSD,bid,1.17254,1000.0,0.000,11
1753273689293,1753273689293,1753273689293,EURUSD,bid,1.17240,200000.0,0.000,11
1753273689293,1753273689293,1753273689293,EURUSD,bid,1.17253,15000.0,0.000,11
1753273689293,1753273689293,1753273689293,EURUSD,bid,1.17250,30000.0,0.000,11
1753273689479,1753273689479,1753273689479,EURUSD,bid,1.17248,50000.0,0.000,11
1753273689479,1753273689479,1753273689479,EURUSD,ask,1.17264,200000.0,0.000,11
1753273689479,1753273689479,1753273689479,EURUSD,ask,1.17256,15000.0,0.000,11
1753273689479,1753273689479,1753273689479,EURUSD,ask,1.17257,80000.0,0.000,11
1753273689479,1753273689479,1753273689479,EURUSD,ask,1.17254,1000.0,0.000,11
1753273689479,1753273689479,1753273689479,EURUSD,ask,1.17259,100000.0,0.000,11
1753273689479,1753273689479,1753273689479,EURUSD,bid,1.17245,100000.0,0.000,11
1753273689479,1753273689479,1753273689479,EURUSD,bid,1.17254,1000.0,0.000,11
1753273689479,1753273689479,1753273689479,EURUSD,bid,1.17240,200000.0,0.000,11
1753273689479,1753273689479,1753273689479,EURUSD,bid,1.17253,15000.0,0.000,11
1753273689479,1753273689479,1753273689479,EURUSD,bid,1.17249,30000.0,0.000,11
1753273690483,1753273690483,1753273690483,EURUSD,bid,1.17248,50000.0,0.000,10
1753273690483,1753273690483,1753273690483,EURUSD,ask,1.17264,200000.0,0.000,10
1753273690483,1753273690483,1753273690483,EURUSD,ask,1.17256,15000.0,0.000,10
1753273690483,1753273690483,1753273690483,EURUSD,ask,1.17257,80000.0,0.000,10
1753273690483,1753273690483,1753273690483,EURUSD,ask,1.17254,1000.0,0.000,10
1753273690483,1753273690483,1753273690483,EURUSD,ask,1.17259,100000.0,0.000,10
1753273690483,1753273690483,1753273690483,EURUSD,bid,1.17246,100000.0,0.000,10
1753273690483,1753273690483,1753273690483,EURUSD,bid,1.17241,200000.0,0.000,10
1753273690483,1753273690483,1753273690483,EURUSD,bid,1.17250,30000.0,0.000,10
1753273690483,1753273690483,1753273690483,EURUSD,bid,1.17253,16000.0,0.000,10
1753273691486,1753273691486,1753273691486,EURUSD,bid,1.17248,50000.0,0.000,11
1753273691486,1753273691486,1753273691486,EURUSD,ask,1.17264,200000.0,0.000,11
1753273691486,1753273691486,1753273691486,EURUSD,ask,1.17256,15000.0,0.000,11
1753273691486,1753273691486,1753273691486,EURUSD,ask,1.17257,80000.0,0.000,11
1753273691486,1753273691486,1753273691486,EURUSD,ask,1.17254,1000.0,0.000,11
1753273691486,1753273691486,1753273691486,EURUSD,ask,1.17259,100000.0,0.000,11
1753273691486,1753273691486,1753273691486,EURUSD,bid,1.17246,100000.0,0.000,11
1753273691486,1753273691486,1753273691486,EURUSD,bid,1.17241,200000.0,0.000,11
1753273691486,1753273691486,1753273691486,EURUSD,bid,1.17250,30000.0,0.000,11
1753273691486,1753273691486,1753273691486,EURUSD,bid,1.17254,1000.0,0.000,11
1753273691486,1753273691486,1753273691486,EURUSD,bid,1.17253,15000.0,0.000,11
1753273691681,1753273691681,1753273691682,EURUSD,bid,1.17248,50000.0,1.000,11
1753273691681,1753273691681,1753273691682,EURUSD,ask,1.17264,200000.0,1.000,11
1753273691681,1753273691681,1753273691682,EURUSD,ask,1.17256,15000.0,1.000,11
1753273691681,1753273691681,1753273691682,EURUSD,ask,1.17257,80000.0,1.000,11
1753273691681,1753273691681,1753273691682,EURUSD,ask,1.17254,1000.0,1.000,11
1753273691681,1753273691681,1753273691682,EURUSD,ask,1.17259,100000.0,1.000,11
1753273691681,1753273691681,1753273691682,EURUSD,bid,1.17250,30000.0,1.000,11
1753273691681,1753273691681,1753273691682,EURUSD,bid,1.17254,1000.0,1.000,11
1753273691681,1753273691681,1753273691682,EURUSD,bid,1.17253,15000.0,1.000,11
1753273691681,1753273691681,1753273691682,EURUSD,bid,1.17245,100000.0,1.000,11
1753273691681,1753273691681,1753273691682,EURUSD,bid,1.17240,200000.0,1.000,11
1753273693526,1753273693526,1753273693526,EURUSD,bid,1.17248,50000.0,0.000,11
1753273693526,1753273693526,1753273693526,EURUSD,ask,1.17264,200000.0,0.000,11
1753273693526,1753273693526,1753273693526,EURUSD,ask,1.17256,15000.0,0.000,11
1753273693526,1753273693526,1753273693526,EURUSD,ask,1.17257,80000.0,0.000,11
1753273693526,1753273693526,1753273693526,EURUSD,ask,1.17254,1000.0,0.000,11
1753273693526,1753273693526,1753273693526,EURUSD,ask,1.17259,100000.0,0.000,11
1753273693526,1753273693526,1753273693526,EURUSD,bid,1.17254,1000.0,0.000,11
1753273693526,1753273693526,1753273693526,EURUSD,bid,1.17253,15000.0,0.000,11
1753273693526,1753273693526,1753273693526,EURUSD,bid,1.17245,100000.0,0.000,11
1753273693526,1753273693526,1753273693526,EURUSD,bid,1.17240,200000.0,0.000,11
1753273693526,1753273693526,1753273693526,EURUSD,bid,1.17249,30000.0,0.000,11
1753273693883,1753273693883,1753273693883,EURUSD,ask,1.17264,200000.0,0.000,12
1753273693883,1753273693883,1753273693883,EURUSD,ask,1.17256,15000.0,0.000,12
1753273693883,1753273693883,1753273693883,EURUSD,ask,1.17257,80000.0,0.000,12
1753273693883,1753273693883,1753273693883,EURUSD,ask,1.17254,1000.0,0.000,12
1753273693883,1753273693883,1753273693883,EURUSD,ask,1.17259,100000.0,0.000,12
1753273693883,1753273693883,1753273693883,EURUSD,bid,1.17254,1000.0,0.000,12
1753273693883,1753273693883,1753273693883,EURUSD,bid,1.17245,100000.0,0.000,12
1753273693883,1753273693883,1753273693883,EURUSD,bid,1.17240,200000.0,0.000,12
1753273693883,1753273693883,1753273693883,EURUSD,bid,1.17249,30000.0,0.000,12
1753273693883,1753273693883,1753273693883,EURUSD,bid,1.17247,50000.0,0.000,12
1753273693883,1753273693883,1753273693883,EURUSD,bid,1.17252,10000.0,0.000,12
1753273693883,1753273693883,1753273693883,EURUSD,bid,1.17253,5000.0,0.000,12
1753273694879,1753273694879,1753273694879,EURUSD,ask,1.17264,200000.0,0.000,12
1753273694879,1753273694879,1753273694879,EURUSD,ask,1.17256,15000.0,0.000,12
1753273694879,1753273694879,1753273694879,EURUSD,ask,1.17257,80000.0,0.000,12
1753273694879,1753273694879,1753273694879,EURUSD,ask,1.17254,1000.0,0.000,12
1753273694879,1753273694879,1753273694879,EURUSD,ask,1.17259,100000.0,0.000,12
1753273694879,1753273694879,1753273694879,EURUSD,bid,1.17254,1000.0,0.000,12
1753273694879,1753273694879,1753273694879,EURUSD,bid,1.17249,30000.0,0.000,12
1753273694879,1753273694879,1753273694879,EURUSD,bid,1.17247,50000.0,0.000,12
1753273694879,1753273694879,1753273694879,EURUSD,bid,1.17252,10000.0,0.000,12
1753273694879,1753273694879,1753273694879,EURUSD,bid,1.17253,5000.0,0.000,12
1753273694879,1753273694879,1753273694879,EURUSD,bid,1.17239,200000.0,0.000,12
1753273694879,1753273694879,1753273694879,EURUSD,bid,1.17244,100000.0,0.000,12
1753273695369,1753273695369,1753273695369,EURUSD,bid,1.17247,50000.0,0.000,11
1753273695369,1753273695369,1753273695369,EURUSD,bid,1.17239,200000.0,0.000,11
1753273695369,1753273695369,1753273695369,EURUSD,bid,1.17244,100000.0,0.000,11
1753273695369,1753273695369,1753273695369,EURUSD,ask,1.17255,15000.0,0.000,11
1753273695369,1753273695369,1753273695369,EURUSD,ask,1.17253,1000.0,0.000,11
1753273695369,1753273695369,1753273695369,EURUSD,ask,1.17263,200000.0,0.000,11
1753273695369,1753273695369,1753273695369,EURUSD,ask,1.17256,80000.0,0.000,11
1753273695369,1753273695369,1753273695369,EURUSD,ask,1.17258,100000.0,0.000,11
1753273695369,1753273695369,1753273695369,EURUSD,bid,1.17253,1000.0,0.000,11
1753273695369,1753273695369,1753273695369,EURUSD,bid,1.17248,30000.0,0.000,11
1753273695369,1753273695369,1753273695369,EURUSD,bid,1.17252,15000.0,0.000,11
1753273695478,1753273695478,1753273695478,EURUSD,bid,1.17247,50000.0,0.000,11
1753273695478,1753273695478,1753273695478,EURUSD,bid,1.17239,200000.0,0.000,11
1753273695478,1753273695478,1753273695478,EURUSD,ask,1.17255,15000.0,0.000,11
1753273695478,1753273695478,1753273695478,EURUSD,ask,1.17253,1000.0,0.000,11
1753273695478,1753273695478,1753273695478,EURUSD,ask,1.17263,200000.0,0.000,11
1753273695478,1753273695478,1753273695478,EURUSD,ask,1.17256,80000.0,0.000,11
1753273695478,1753273695478,1753273695478,EURUSD,ask,1.17258,100000.0,0.000,11
1753273695478,1753273695478,1753273695478,EURUSD,bid,1.17253,1000.0,0.000,11
1753273695478,1753273695478,1753273695478,EURUSD,bid,1.17252,15000.0,0.000,11
1753273695478,1753273695478,1753273695478,EURUSD,bid,1.17245,100000.0,0.000,11
1753273695478,1753273695478,1753273695478,EURUSD,bid,1.17249,30000.0,0.000,11
1753273696484,1753273696484,1753273696484,EURUSD,bid,1.17247,50000.0,0.000,11
1753273696484,1753273696484,1753273696484,EURUSD,ask,1.17255,15000.0,0.000,11
1753273696484,1753273696484,1753273696484,EURUSD,ask,1.17253,1000.0,0.000,11
1753273696484,1753273696484,1753273696484,EURUSD,ask,1.17263,200000.0,0.000,11
1753273696484,1753273696484,1753273696484,EURUSD,ask,1.17256,80000.0,0.000,11
1753273696484,1753273696484,1753273696484,EURUSD,ask,1.17258,100000.0,0.000,11
1753273696484,1753273696484,1753273696484,EURUSD,bid,1.17253,1000.0,0.000,11
1753273696484,1753273696484,1753273696484,EURUSD,bid,1.17252,15000.0,0.000,11
1753273696484,1753273696484,1753273696484,EURUSD,bid,1.17245,100000.0,0.000,11
1753273696484,1753273696484,1753273696484,EURUSD,bid,1.17249,30000.0,0.000,11
1753273696484,1753273696484,1753273696484,EURUSD,bid,1.17240,200000.0,0.000,11
1753273696686,1753273696686,1753273696686,EURUSD,ask,1.17255,15000.0,0.000,11
1753273696686,1753273696686,1753273696686,EURUSD,ask,1.17253,1000.0,0.000,11
1753273696686,1753273696686,1753273696686,EURUSD,ask,1.17263,200000.0,0.000,11
1753273696686,1753273696686,1753273696686,EURUSD,ask,1.17256,80000.0,0.000,11
1753273696686,1753273696686,1753273696686,EURUSD,ask,1.17258,100000.0,0.000,11
1753273696686,1753273696686,1753273696686,EURUSD,bid,1.17253,1000.0,0.000,11
1753273696686,1753273696686,1753273696686,EURUSD,bid,1.17252,15000.0,0.000,11
1753273696686,1753273696686,1753273696686,EURUSD,bid,1.17245,100000.0,0.000,11
1753273696686,1753273696686,1753273696686,EURUSD,bid,1.17249,30000.0,0.000,11
1753273696686,1753273696686,1753273696686,EURUSD,bid,1.17240,200000.0,0.000,11
1753273696686,1753273696686,1753273696686,EURUSD,bid,1.17248,50000.0,0.000,11
1753273696916,1753273696916,1753273696917,EURUSD,ask,1.17261,200000.0,1.000,11
1753273696916,1753273696916,1753273696917,EURUSD,ask,1.17251,1000.0,1.000,11
1753273696916,1753273696916,1753273696917,EURUSD,ask,1.17254,80000.0,1.000,11
1753273696916,1753273696916,1753273696917,EURUSD,ask,1.17256,100000.0,1.000,11
1753273696916,1753273696916,1753273696917,EURUSD,ask,1.17253,15000.0,1.000,11
1753273696916,1753273696916,1753273696917,EURUSD,bid,1.17251,1000.0,1.000,11
1753273696916,1753273696916,1753273696917,EURUSD,bid,1.17237,200000.0,1.000,11
1753273696916,1753273696916,1753273696917,EURUSD,bid,1.17250,15000.0,1.000,11
1753273696916,1753273696916,1753273696917,EURUSD,bid,1.17246,30000.0,1.000,11
1753273696916,1753273696916,1753273696917,EURUSD,bid,1.17242,100000.0,1.000,11
1753273696916,1753273696916,1753273696917,EURUSD,bid,1.17245,50000.0,1.000,11
1753273697297,1753273697297,1753273697298,EURUSD,ask,1.17255,15000.0,1.000,12
1753273697297,1753273697297,1753273697298,EURUSD,ask,1.17258,100000.0,1.000,12
1753273697297,1753273697297,1753273697298,EURUSD,ask,1.17256,80000.0,1.000,12
1753273697297,1753273697297,1753273697298,EURUSD,ask,1.17263,200000.0,1.000,12
1753273697297,1753273697297,1753273697298,EURUSD,ask,1.17254,1000.0,1.000,12
1753273697297,1753273697297,1753273697298,EURUSD,bid,1.17252,5000.0,1.000,12
1753273697297,1753273697297,1753273697298,EURUSD,bid,1.17248,30000.0,1.000,12
1753273697297,1753273697297,1753273697298,EURUSD,bid,1.17251,10000.0,1.000,12
1753273697297,1753273697297,1753273697298,EURUSD,bid,1.17253,1000.0,1.000,12
1753273697297,1753273697297,1753273697298,EURUSD,bid,1.17246,50000.0,1.000,12
1753273697297,1753273697297,1753273697298,EURUSD,bid,1.17243,100000.0,1.000,12
1753273697297,1753273697297,1753273697298,EURUSD,bid,1.17238,200000.0,1.000,12
1753273698323,1753273698323,1753273698323,EURUSD,ask,1.17254,80000.0,0.000,11
1753273698323,1753273698323,1753273698323,EURUSD,ask,1.17256,100000.0,0.000,11
1753273698323,1753273698323,1753273698323,EURUSD,ask,1.17261,200000.0,0.000,11
1753273698323,1753273698323,1753273698323,EURUSD,ask,1.17253,15000.0,0.000,11
1753273698323,1753273698323,1753273698323,EURUSD,ask,1.17251,1000.0,0.000,11
1753273698323,1753273698323,1753273698323,EURUSD,bid,1.17237,200000.0,0.000,11
1753273698323,1753273698323,1753273698323,EURUSD,bid,1.17251,1000.0,0.000,11
1753273698323,1753273698323,1753273698323,EURUSD,bid,1.17242,100000.0,0.000,11
1753273698323,1753273698323,1753273698323,EURUSD,bid,1.17247,30000.0,0.000,11
1753273698323,1753273698323,1753273698323,EURUSD,bid,1.17250,15000.0,0.000,11
1753273698323,1753273698323,1753273698323,EURUSD,bid,1.17245,50000.0,0.000,11
1753273699294,1753273699294,1753273699294,EURUSD,ask,1.17254,80000.0,0.000,11
1753273699294,1753273699294,1753273699294,EURUSD,ask,1.17256,100000.0,0.000,11
1753273699294,1753273699294,1753273699294,EURUSD,ask,1.17261,200000.0,0.000,11
1753273699294,1753273699294,1753273699294,EURUSD,ask,1.17253,15000.0,0.000,11
1753273699294,1753273699294,1753273699294,EURUSD,ask,1.17251,1000.0,0.000,11
1753273699294,1753273699294,1753273699294,EURUSD,bid,1.17251,1000.0,0.000,11
1753273699294,1753273699294,1753273699294,EURUSD,bid,1.17247,30000.0,0.000,11
1753273699294,1753273699294,1753273699294,EURUSD,bid,1.17250,15000.0,0.000,11
1753273699294,1753273699294,1753273699294,EURUSD,bid,1.17238,200000.0,0.000,11
1753273699294,1753273699294,1753273699294,EURUSD,bid,1.17243,100000.0,0.000,11
1753273699294,1753273699294,1753273699294,EURUSD,bid,1.17246,50000.0,0.000,11
1753273699890,1753273699890,1753273699890,EURUSD,ask,1.17254,80000.0,0.000,11
1753273699890,1753273699890,1753273699890,EURUSD,ask,1.17256,100000.0,0.000,11
1753273699890,1753273699890,1753273699890,EURUSD,ask,1.17261,200000.0,0.000,11
1753273699890,1753273699890,1753273699890,EURUSD,ask,1.17253,15000.0,0.000,11
1753273699890,1753273699890,1753273699890,EURUSD,ask,1.17251,1000.0,0.000,11
1753273699890,1753273699890,1753273699890,EURUSD,bid,1.17251,1000.0,0.000,11
1753273699890,1753273699890,1753273699890,EURUSD,bid,1.17247,30000.0,0.000,11
1753273699890,1753273699890,1753273699890,EURUSD,bid,1.17250,15000.0,0.000,11
1753273699890,1753273699890,1753273699890,EURUSD,bid,1.17246,50000.0,0.000,11
1753273699890,1753273699890,1753273699890,EURUSD,bid,1.17244,100000.0,0.000,11
1753273699890,1753273699890,1753273699890,EURUSD,bid,1.17239,200000.0,0.000,11
1753273700286,1753273700286,1753273700286,EURUSD,ask,1.17254,80000.0,0.000,11
1753273700286,1753273700286,1753273700286,EURUSD,ask,1.17256,100000.0,0.000,11
1753273700286,1753273700286,1753273700286,EURUSD,ask,1.17261,200000.0,0.000,11
1753273700286,1753273700286,1753273700286,EURUSD,ask,1.17253,15000.0,0.000,11
1753273700286,1753273700286,1753273700286,EURUSD,ask,1.17251,1000.0,0.000,11
1753273700286,1753273700286,1753273700286,EURUSD,bid,1.17251,1000.0,0.000,11
1753273700286,1753273700286,1753273700286,EURUSD,bid,1.17250,15000.0,0.000,11
1753273700286,1753273700286,1753273700286,EURUSD,bid,1.17244,100000.0,0.000,11
1753273700286,1753273700286,1753273700286,EURUSD,bid,1.17247,50000.0,0.000,11
1753273700286,1753273700286,1753273700286,EURUSD,bid,1.17240,200000.0,0.000,11
1753273700286,1753273700286,1753273700286,EURUSD,bid,1.17248,30000.0,0.000,11
1753273700482,1753273700482,1753273700482,EURUSD,ask,1.17254,80000.0,0.000,11
1753273700482,1753273700482,1753273700482,EURUSD,ask,1.17256,100000.0,0.000,11
1753273700482,1753273700482,1753273700482,EURUSD,ask,1.17261,200000.0,0.000,11
1753273700482,1753273700482,1753273700482,EURUSD,ask,1.17253,15000.0,0.000,11
1753273700482,1753273700482,1753273700482,EURUSD,ask,1.17251,1000.0,0.000,11
1753273700482,1753273700482,1753273700482,EURUSD,bid,1.17251,1000.0,0.000,11
1753273700482,1753273700482,1753273700482,EURUSD,bid,1.17250,15000.0,0.000,11
1753273700482,1753273700482,1753273700482,EURUSD,bid,1.17247,50000.0,0.000,11
1753273700482,1753273700482,1753273700482,EURUSD,bid,1.17240,200000.0,0.000,11
1753273700482,1753273700482,1753273700482,EURUSD,bid,1.17248,30000.0,0.000,11
1753273700482,1753273700482,1753273700482,EURUSD,bid,1.17245,100000.0,0.000,11
1753273701495,1753273701495,1753273701495,EURUSD,bid,1.17247,50000.0,0.000,11
1753273701495,1753273701495,1753273701495,EURUSD,bid,1.17240,200000.0,0.000,11
1753273701495,1753273701495,1753273701495,EURUSD,bid,1.17248,30000.0,0.000,11
1753273701495,1753273701495,1753273701495,EURUSD,bid,1.17245,100000.0,0.000,11
1753273701495,1753273701495,1753273701495,EURUSD,ask,1.17255,80000.0,0.000,11
1753273701495,1753273701495,1753273701495,EURUSD,ask,1.17262,200000.0,0.000,11
1753273701495,1753273701495,1753273701495,EURUSD,ask,1.17254,15000.0,0.000,11
1753273701495,1753273701495,1753273701495,EURUSD,ask,1.17252,1000.0,0.000,11
1753273701495,1753273701495,1753273701495,EURUSD,ask,1.17257,100000.0,0.000,11
1753273701495,1753273701495,1753273701495,EURUSD,bid,1.17252,1000.0,0.000,11
1753273701495,1753273701495,1753273701495,EURUSD,bid,1.17251,15000.0,0.000,11
1753273701877,1753273701877,1753273701877,EURUSD,bid,1.17248,30000.0,0.000,11
1753273701877,1753273701877,1753273701877,EURUSD,ask,1.17255,80000.0,0.000,11
1753273701877,1753273701877,1753273701877,EURUSD,ask,1.17262,200000.0,0.000,11
1753273701877,1753273701877,1753273701877,EURUSD,ask,1.17254,15000.0,0.000,11
1753273701877,1753273701877,1753273701877,EURUSD,ask,1.17252,1000.0,0.000,11
1753273701877,1753273701877,1753273701877,EURUSD,ask,1.17257,100000.0,0.000,11
1753273701877,1753273701877,1753273701877,EURUSD,bid,1.17252,1000.0,0.000,11
1753273701877,1753273701877,1753273701877,EURUSD,bid,1.17251,15000.0,0.000,11
1753273701877,1753273701877,1753273701877,EURUSD,bid,1.17239,200000.0,0.000,11
1753273701877,1753273701877,1753273701877,EURUSD,bid,1.17246,50000.0,0.000,11
1753273701877,1753273701877,1753273701877,EURUSD,bid,1.17244,100000.0,0.000,11
1753273702083,1753273702083,1753273702083,EURUSD,bid,1.17248,30000.0,0.000,11
1753273702083,1753273702083,1753273702083,EURUSD,ask,1.17255,80000.0,0.000,11
1753273702083,1753273702083,1753273702083,EURUSD,ask,1.17262,200000.0,0.000,11
1753273702083,1753273702083,1753273702083,EURUSD,ask,1.17254,15000.0,0.000,11
1753273702083,1753273702083,1753273702083,EURUSD,ask,1.17252,1000.0,0.000,11
1753273702083,1753273702083,1753273702083,EURUSD,ask,1.17257,100000.0,0.000,11
1753273702083,1753273702083,1753273702083,EURUSD,bid,1.17252,1000.0,0.000,11
1753273702083,1753273702083,1753273702083,EURUSD,bid,1.17251,15000.0,0.000,11
1753273702083,1753273702083,1753273702083,EURUSD,bid,1.17246,50000.0,0.000,11
1753273702083,1753273702083,1753273702083,EURUSD,bid,1.17244,100000.0,0.000,11
1753273702083,1753273702083,1753273702083,EURUSD,bid,1.17238,200000.0,0.000,11
1753273702287,1753273702287,1753273702287,EURUSD,bid,1.17248,30000.0,0.000,11
1753273702287,1753273702287,1753273702287,EURUSD,ask,1.17255,80000.0,0.000,11
1753273702287,1753273702287,1753273702287,EURUSD,ask,1.17262,200000.0,0.000,11
1753273702287,1753273702287,1753273702287,EURUSD,ask,1.17254,15000.0,0.000,11
1753273702287,1753273702287,1753273702287,EURUSD,ask,1.17252,1000.0,0.000,11
1753273702287,1753273702287,1753273702287,EURUSD,ask,1.17257,100000.0,0.000,11
1753273702287,1753273702287,1753273702287,EURUSD,bid,1.17252,1000.0,0.000,11
1753273702287,1753273702287,1753273702287,EURUSD,bid,1.17251,15000.0,0.000,11
1753273702287,1753273702287,1753273702287,EURUSD,bid,1.17246,50000.0,0.000,11
1753273702287,1753273702287,1753273702287,EURUSD,bid,1.17244,100000.0,0.000,11
1753273702287,1753273702287,1753273702287,EURUSD,bid,1.17239,200000.0,0.000,11
1753273704281,1753273704281,1753273704281,EURUSD,bid,1.17248,30000.0,0.000,11
1753273704281,1753273704281,1753273704281,EURUSD,ask,1.17255,80000.0,0.000,11
1753273704281,1753273704281,1753273704281,EURUSD,ask,1.17262,200000.0,0.000,11
1753273704281,1753273704281,1753273704281,EURUSD,ask,1.17254,15000.0,0.000,11
1753273704281,1753273704281,1753273704281,EURUSD,ask,1.17252,1000.0,0.000,11
1753273704281,1753273704281,1753273704281,EURUSD,ask,1.17257,100000.0,0.000,11
1753273704281,1753273704281,1753273704281,EURUSD,bid,1.17252,1000.0,0.000,11
1753273704281,1753273704281,1753273704281,EURUSD,bid,1.17251,15000.0,0.000,11
1753273704281,1753273704281,1753273704281,EURUSD,bid,1.17245,100000.0,0.000,11
1753273704281,1753273704281,1753273704281,EURUSD,bid,1.17240,200000.0,0.000,11
1753273704281,1753273704281,1753273704281,EURUSD,bid,1.17247,50000.0,0.000,11
1753273704692,1753273704692,1753273704693,EURUSD,ask,1.17254,80000.0,1.000,11
1753273704692,1753273704692,1753273704693,EURUSD,ask,1.17261,200000.0,1.000,11
1753273704692,1753273704692,1753273704693,EURUSD,ask,1.17253,15000.0,1.000,11
1753273704692,1753273704692,1753273704693,EURUSD,ask,1.17251,1000.0,1.000,11
1753273704692,1753273704692,1753273704693,EURUSD,ask,1.17256,100000.0,1.000,11
1753273704692,1753273704692,1753273704693,EURUSD,bid,1.17247,30000.0,1.000,11
1753273704692,1753273704692,1753273704693,EURUSD,bid,1.17244,100000.0,1.000,11
1753273704692,1753273704692,1753273704693,EURUSD,bid,1.17239,200000.0,1.000,11
1753273704692,1753273704692,1753273704693,EURUSD,bid,1.17251,1000.0,1.000,11
1753273704692,1753273704692,1753273704693,EURUSD,bid,1.17250,15000.0,1.000,11
1753273704692,1753273704692,1753273704693,EURUSD,bid,1.17246,50000.0,1.000,11
1753273704879,1753273704879,1753273704879,EURUSD,ask,1.17254,80000.0,0.000,10
1753273704879,1753273704879,1753273704879,EURUSD,ask,1.17261,200000.0,0.000,10
1753273704879,1753273704879,1753273704879,EURUSD,ask,1.17253,15000.0,0.000,10
1753273704879,1753273704879,1753273704879,EURUSD,ask,1.17251,1000.0,0.000,10
1753273704879,1753273704879,1753273704879,EURUSD,ask,1.17256,100000.0,0.000,10
1753273704879,1753273704879,1753273704879,EURUSD,bid,1.17251,1000.0,0.000,10
1753273704879,1753273704879,1753273704879,EURUSD,bid,1.17250,15000.0,0.000,10
1753273704879,1753273704879,1753273704879,EURUSD,bid,1.17246,100000.0,0.000,10
1753273704879,1753273704879,1753273704879,EURUSD,bid,1.17241,200000.0,0.000,10
1753273704879,1753273704879,1753273704879,EURUSD,bid,1.17248,80000.0,0.000,10
1753273706691,1753273706691,1753273706691,EURUSD,ask,1.17262,200000.0,0.000,10
1753273706691,1753273706691,1753273706691,EURUSD,ask,1.17254,15000.0,0.000,10
1753273706691,1753273706691,1753273706691,EURUSD,ask,1.17255,80000.0,0.000,10
1753273706691,1753273706691,1753273706691,EURUSD,ask,1.17257,100000.0,0.000,10
1753273706691,1753273706691,1753273706691,EURUSD,ask,1.17252,1000.0,0.000,10
1753273706691,1753273706691,1753273706691,EURUSD,bid,1.17252,1000.0,0.000,10
1753273706691,1753273706691,1753273706691,EURUSD,bid,1.17249,80000.0,0.000,10
1753273706691,1753273706691,1753273706691,EURUSD,bid,1.17251,15000.0,0.000,10
1753273706691,1753273706691,1753273706691,EURUSD,bid,1.17242,200000.0,0.000,10
1753273706691,1753273706691,1753273706691,EURUSD,bid,1.17247,100000.0,0.000,10
1753273708292,1753273708292,1753273708292,EURUSD,ask,1.17262,200000.0,0.000,11
1753273708292,1753273708292,1753273708292,EURUSD,ask,1.17254,15000.0,0.000,11
1753273708292,1753273708292,1753273708292,EURUSD,ask,1.17255,80000.0,0.000,11
1753273708292,1753273708292,1753273708292,EURUSD,ask,1.17257,100000.0,0.000,11
1753273708292,1753273708292,1753273708292,EURUSD,ask,1.17252,1000.0,0.000,11
1753273708292,1753273708292,1753273708292,EURUSD,bid,1.17252,1000.0,0.000,11
1753273708292,1753273708292,1753273708292,EURUSD,bid,1.17251,15000.0,0.000,11
1753273708292,1753273708292,1753273708292,EURUSD,bid,1.17242,200000.0,0.000,11
1753273708292,1753273708292,1753273708292,EURUSD,bid,1.17248,50000.0,0.000,11
1753273708292,1753273708292,1753273708292,EURUSD,bid,1.17249,30000.0,0.000,11
1753273708292,1753273708292,1753273708292,EURUSD,bid,1.17246,100000.0,0.000,11
1753273708478,1753273708478,1753273708478,EURUSD,ask,1.17262,200000.0,0.000,11
1753273708478,1753273708478,1753273708478,EURUSD,ask,1.17254,15000.0,0.000,11
1753273708478,1753273708478,1753273708478,EURUSD,ask,1.17255,80000.0,0.000,11
1753273708478,1753273708478,1753273708478,EURUSD,ask,1.17257,100000.0,0.000,11
1753273708478,1753273708478,1753273708478,EURUSD,ask,1.17252,1000.0,0.000,11
1753273708478,1753273708478,1753273708478,EURUSD,bid,1.17252,1000.0,0.000,11
1753273708478,1753273708478,1753273708478,EURUSD,bid,1.17251,15000.0,0.000,11
1753273708478,1753273708478,1753273708478,EURUSD,bid,1.17242,200000.0,0.000,11
1753273708478,1753273708478,1753273708478,EURUSD,bid,1.17248,50000.0,0.000,11
1753273708478,1753273708478,1753273708478,EURUSD,bid,1.17249,30000.0,0.000,11
1753273708478,1753273708478,1753273708478,EURUSD,bid,1.17247,100000.0,0.000,11
1753273710286,1753273710286,1753273710286,EURUSD,ask,1.17262,200000.0,0.000,10
1753273710286,1753273710286,1753273710286,EURUSD,ask,1.17254,15000.0,0.000,10
1753273710286,1753273710286,1753273710286,EURUSD,ask,1.17255,80000.0,0.000,10
1753273710286,1753273710286,1753273710286,EURUSD,ask,1.17257,100000.0,0.000,10
1753273710286,1753273710286,1753273710286,EURUSD,ask,1.17252,1000.0,0.000,10
1753273710286,1753273710286,1753273710286,EURUSD,bid,1.17252,1000.0,0.000,10
1753273710286,1753273710286,1753273710286,EURUSD,bid,1.17251,15000.0,0.000,10
1753273710286,1753273710286,1753273710286,EURUSD,bid,1.17242,200000.0,0.000,10
1753273710286,1753273710286,1753273710286,EURUSD,bid,1.17247,100000.0,0.000,10
1753273710286,1753273710286,1753273710286,EURUSD,bid,1.17249,80000.0,0.000,10
1753273711889,1753273711889,1753273711889,EURUSD,ask,1.17262,200000.0,0.000,11
1753273711889,1753273711889,1753273711889,EURUSD,ask,1.17254,15000.0,0.000,11
1753273711889,1753273711889,1753273711889,EURUSD,ask,1.17255,80000.0,0.000,11
1753273711889,1753273711889,1753273711889,EURUSD,ask,1.17257,100000.0,0.000,11
1753273711889,1753273711889,1753273711889,EURUSD,ask,1.17252,1000.0,0.000,11
1753273711889,1753273711889,1753273711889,EURUSD,bid,1.17252,1000.0,0.000,11
1753273711889,1753273711889,1753273711889,EURUSD,bid,1.17251,15000.0,0.000,11
1753273711889,1753273711889,1753273711889,EURUSD,bid,1.17242,200000.0,0.000,11
1753273711889,1753273711889,1753273711889,EURUSD,bid,1.17247,100000.0,0.000,11
1753273711889,1753273711889,1753273711889,EURUSD,bid,1.17249,30000.0,0.000,11
1753273711889,1753273711889,1753273711889,EURUSD,bid,1.17248,50000.0,0.000,11
1753273712482,1753273712482,1753273712482,EURUSD,ask,1.17262,200000.0,0.000,10
1753273712482,1753273712482,1753273712482,EURUSD,ask,1.17254,15000.0,0.000,10
1753273712482,1753273712482,1753273712482,EURUSD,ask,1.17255,80000.0,0.000,10
1753273712482,1753273712482,1753273712482,EURUSD,ask,1.17257,100000.0,0.000,10
1753273712482,1753273712482,1753273712482,EURUSD,ask,1.17252,1000.0,0.000,10
1753273712482,1753273712482,1753273712482,EURUSD,bid,1.17252,1000.0,0.000,10
1753273712482,1753273712482,1753273712482,EURUSD,bid,1.17251,15000.0,0.000,10
1753273712482,1753273712482,1753273712482,EURUSD,bid,1.17242,200000.0,0.000,10
1753273712482,1753273712482,1753273712482,EURUSD,bid,1.17247,100000.0,0.000,10
1753273712482,1753273712482,1753273712482,EURUSD,bid,1.17249,80000.0,0.000,10
1753273712886,1753273712886,1753273712886,EURUSD,ask,1.17253,80000.0,0.000,11
1753273712886,1753273712886,1753273712886,EURUSD,ask,1.17261,200000.0,0.000,11
1753273712886,1753273712886,1753273712886,EURUSD,ask,1.17250,1000.0,0.000,11
1753273712886,1753273712886,1753273712886,EURUSD,ask,1.17252,15000.0,0.000,11
1753273712886,1753273712886,1753273712886,EURUSD,ask,1.17255,100000.0,0.000,11
1753273712886,1753273712886,1753273712886,EURUSD,bid,1.17247,30000.0,0.000,11
1753273712886,1753273712886,1753273712886,EURUSD,bid,1.17240,200000.0,0.000,11
1753273712886,1753273712886,1753273712886,EURUSD,bid,1.17250,1000.0,0.000,11
1753273712886,1753273712886,1753273712886,EURUSD,bid,1.17244,100000.0,0.000,11
1753273712886,1753273712886,1753273712886,EURUSD,bid,1.17249,15000.0,0.000,11
1753273712886,1753273712886,1753273712886,EURUSD,bid,1.17246,50000.0,0.000,11
1753273713046,1753273713046,1753273713046,EURUSD,bid,1.17244,100000.0,0.000,10
1753273713046,1753273713046,1753273713046,EURUSD,ask,1.17249,1000.0,0.000,10
1753273713046,1753273713046,1753273713046,EURUSD,ask,1.17251,15000.0,0.000,10
1753273713046,1753273713046,1753273713046,EURUSD,ask,1.17260,200000.0,0.000,10
1753273713046,1753273713046,1753273713046,EURUSD,ask,1.17252,80000.0,0.000,10
1753273713046,1753273713046,1753273713046,EURUSD,ask,1.17254,100000.0,0.000,10
1753273713046,1753273713046,1753273713046,EURUSD,bid,1.17249,1000.0,0.000,10
1753273713046,1753273713046,1753273713046,EURUSD,bid,1.17239,200000.0,0.000,10
1753273713046,1753273713046,1753273713046,EURUSD,bid,1.17248,15000.0,0.000,10
1753273713046,1753273713046,1753273713046,EURUSD,bid,1.17246,80000.0,0.000,10
1753273713294,1753273713294,1753273713295,EURUSD,bid,1.17244,100000.0,1.000,10
1753273713294,1753273713294,1753273713295,EURUSD,ask,1.17249,1000.0,1.000,10
1753273713294,1753273713294,1753273713295,EURUSD,ask,1.17251,15000.0,1.000,10
1753273713294,1753273713294,1753273713295,EURUSD,ask,1.17252,80000.0,1.000,10
1753273713294,1753273713294,1753273713295,EURUSD,ask,1.17254,100000.0,1.000,10
1753273713294,1753273713294,1753273713295,EURUSD,bid,1.17249,1000.0,1.000,10
1753273713294,1753273713294,1753273713295,EURUSD,bid,1.17239,200000.0,1.000,10
1753273713294,1753273713294,1753273713295,EURUSD,bid,1.17248,15000.0,1.000,10
1753273713294,1753273713294,1753273713295,EURUSD,bid,1.17246,80000.0,1.000,10
1753273713294,1753273713294,1753273713295,EURUSD,ask,1.17259,200000.0,1.000,10
1753273713684,1753273713684,1753273713684,EURUSD,bid,1.17244,100000.0,0.000,11
1753273713684,1753273713684,1753273713684,EURUSD,ask,1.17249,1000.0,0.000,11
1753273713684,1753273713684,1753273713684,EURUSD,ask,1.17251,15000.0,0.000,11
1753273713684,1753273713684,1753273713684,EURUSD,ask,1.17252,80000.0,0.000,11
1753273713684,1753273713684,1753273713684,EURUSD,ask,1.17254,100000.0,0.000,11
1753273713684,1753273713684,1753273713684,EURUSD,bid,1.17249,1000.0,0.000,11
1753273713684,1753273713684,1753273713684,EURUSD,bid,1.17248,15000.0,0.000,11
1753273713684,1753273713684,1753273713684,EURUSD,ask,1.17259,200000.0,0.000,11
1753273713684,1753273713684,1753273713684,EURUSD,bid,1.17246,50000.0,0.000,11
1753273713684,1753273713684,1753273713684,EURUSD,bid,1.17240,200000.0,0.000,11
1753273713684,1753273713684,1753273713684,EURUSD,bid,1.17247,30000.0,0.000,11
1753273714091,1753273714091,1753273714091,EURUSD,bid,1.17244,100000.0,0.000,11
1753273714091,1753273714091,1753273714091,EURUSD,bid,1.17246,50000.0,0.000,11
1753273714091,1753273714091,1753273714091,EURUSD,bid,1.17247,30000.0,0.000,11
1753273714091,1753273714091,1753273714091,EURUSD,ask,1.17253,80000.0,0.000,11
1753273714091,1753273714091,1753273714091,EURUSD,ask,1.17261,200000.0,0.000,11
1753273714091,1753273714091,1753273714091,EURUSD,ask,1.17252,15000.0,0.000,11
1753273714091,1753273714091,1753273714091,EURUSD,ask,1.17250,1000.0,0.000,11
1753273714091,1753273714091,1753273714091,EURUSD,ask,1.17255,100000.0,0.000,11
1753273714091,1753273714091,1753273714091,EURUSD,bid,1.17250,1000.0,0.000,11
1753273714091,1753273714091,1753273714091,EURUSD,bid,1.17249,15000.0,0.000,11
1753273714091,1753273714091,1753273714091,EURUSD,bid,1.17239,200000.0,0.000,11
1753273716285,1753273716285,1753273716285,EURUSD,ask,1.17258,50000.0,0.000,12
1753273716285,1753273716285,1753273716285,EURUSD,ask,1.17256,15000.0,0.000,12
1753273716285,1753273716285,1753273716285,EURUSD,ask,1.17254,1000.0,0.000,12
1753273716285,1753273716285,1753273716285,EURUSD,ask,1.17259,100000.0,0.000,12
1753273716285,1753273716285,1753273716285,EURUSD,ask,1.17257,30000.0,0.000,12
1753273716285,1753273716285,1753273716285,EURUSD,ask,1.17264,200000.0,0.000,12
1753273716285,1753273716285,1753273716285,EURUSD,bid,1.17245,200000.0,0.000,12
1753273716285,1753273716285,1753273716285,EURUSD,bid,1.17249,100000.0,0.000,12
1753273716285,1753273716285,1753273716285,EURUSD,bid,1.17253,15000.0,0.000,12
1753273716285,1753273716285,1753273716285,EURUSD,bid,1.17251,50000.0,0.000,12
1753273716285,1753273716285,1753273716285,EURUSD,bid,1.17254,1000.0,0.000,12
1753273716285,1753273716285,1753273716285,EURUSD,bid,1.17252,30000.0,0.000,12
1753273716488,1753273716488,1753273716488,EURUSD,ask,1.17256,15000.0,0.000,11
1753273716488,1753273716488,1753273716488,EURUSD,ask,1.17254,1000.0,0.000,11
1753273716488,1753273716488,1753273716488,EURUSD,ask,1.17259,100000.0,0.000,11
1753273716488,1753273716488,1753273716488,EURUSD,ask,1.17264,200000.0,0.000,11
1753273716488,1753273716488,1753273716488,EURUSD,bid,1.17245,200000.0,0.000,11
1753273716488,1753273716488,1753273716488,EURUSD,bid,1.17249,100000.0,0.000,11
1753273716488,1753273716488,1753273716488,EURUSD,bid,1.17253,15000.0,0.000,11
1753273716488,1753273716488,1753273716488,EURUSD,bid,1.17251,50000.0,0.000,11
1753273716488,1753273716488,1753273716488,EURUSD,bid,1.17254,1000.0,0.000,11
1753273716488,1753273716488,1753273716488,EURUSD,bid,1.17252,30000.0,0.000,11
1753273716488,1753273716488,1753273716488,EURUSD,ask,1.17257,80000.0,0.000,11
1753273716886,1753273716886,1753273716886,EURUSD,ask,1.17259,100000.0,0.000,11
1753273716886,1753273716886,1753273716886,EURUSD,ask,1.17264,200000.0,0.000,11
1753273716886,1753273716886,1753273716886,EURUSD,ask,1.17256,30000.0,0.000,11
1753273716886,1753273716886,1753273716886,EURUSD,ask,1.17255,15000.0,0.000,11
1753273716886,1753273716886,1753273716886,EURUSD,ask,1.17253,1000.0,0.000,11
1753273716886,1753273716886,1753273716886,EURUSD,ask,1.17257,50000.0,0.000,11
1753273716886,1753273716886,1753273716886,EURUSD,bid,1.17250,80000.0,0.000,11
1753273716886,1753273716886,1753273716886,EURUSD,bid,1.17243,200000.0,0.000,11
1753273716886,1753273716886,1753273716886,EURUSD,bid,1.17253,1000.0,0.000,11
1753273716886,1753273716886,1753273716886,EURUSD,bid,1.17248,100000.0,0.000,11
1753273716886,1753273716886,1753273716886,EURUSD,bid,1.17252,15000.0,0.000,11
1753273717291,1753273717291,1753273717291,EURUSD,ask,1.17257,15000.0,0.000,12
1753273717291,1753273717291,1753273717291,EURUSD,ask,1.17259,50000.0,0.000,12
1753273717291,1753273717291,1753273717291,EURUSD,ask,1.17255,1000.0,0.000,12
1753273717291,1753273717291,1753273717291,EURUSD,ask,1.17261,100000.0,0.000,12
1753273717291,1753273717291,1753273717291,EURUSD,ask,1.17258,30000.0,0.000,12
1753273717291,1753273717291,1753273717291,EURUSD,ask,1.17266,200000.0,0.000,12
1753273717291,1753273717291,1753273717291,EURUSD,bid,1.17251,50000.0,0.000,12
1753273717291,1753273717291,1753273717291,EURUSD,bid,1.17254,1000.0,0.000,12
1753273717291,1753273717291,1753273717291,EURUSD,bid,1.17252,30000.0,0.000,12
1753273717291,1753273717291,1753273717291,EURUSD,bid,1.17245,200000.0,0.000,12
1753273717291,1753273717291,1753273717291,EURUSD,bid,1.17250,100000.0,0.000,12
1753273717291,1753273717291,1753273717291,EURUSD,bid,1.17253,15000.0,0.000,12
1753273717492,1753273717492,1753273717492,EURUSD,ask,1.17257,15000.0,0.000,11
1753273717492,1753273717492,1753273717492,EURUSD,ask,1.17259,50000.0,0.000,11
1753273717492,1753273717492,1753273717492,EURUSD,ask,1.17255,1000.0,0.000,11
1753273717492,1753273717492,1753273717492,EURUSD,ask,1.17261,100000.0,0.000,11
1753273717492,1753273717492,1753273717492,EURUSD,ask,1.17258,30000.0,0.000,11
1753273717492,1753273717492,1753273717492,EURUSD,ask,1.17266,200000.0,0.000,11
1753273717492,1753273717492,1753273717492,EURUSD,bid,1.17254,1000.0,0.000,11
1753273717492,1753273717492,1753273717492,EURUSD,bid,1.17253,15000.0,0.000,11
1753273717492,1753273717492,1753273717492,EURUSD,bid,1.17249,100000.0,0.000,11
1753273717492,1753273717492,1753273717492,EURUSD,bid,1.17251,80000.0,0.000,11
1753273717492,1753273717492,1753273717492,EURUSD,bid,1.17244,200000.0,0.000,11
1753273717694,1753273717694,1753273717694,EURUSD,ask,1.17254,1000.0,0.000,11
1753273717694,1753273717694,1753273717694,EURUSD,ask,1.17256,15000.0,0.000,11
1753273717694,1753273717694,1753273717694,EURUSD,ask,1.17257,30000.0,0.000,11
1753273717694,1753273717694,1753273717694,EURUSD,ask,1.17260,100000.0,0.000,11
1753273717694,1753273717694,1753273717694,EURUSD,ask,1.17258,50000.0,0.000,11
1753273717694,1753273717694,1753273717694,EURUSD,ask,1.17265,200000.0,0.000,11
1753273717694,1753273717694,1753273717694,EURUSD,bid,1.17253,1000.0,0.000,11
1753273717694,1753273717694,1753273717694,EURUSD,bid,1.17250,80000.0,0.000,11
1753273717694,1753273717694,1753273717694,EURUSD,bid,1.17248,100000.0,0.000,11
1753273717694,1753273717694,1753273717694,EURUSD,bid,1.17252,15000.0,0.000,11
1753273717694,1753273717694,1753273717694,EURUSD,bid,1.17243,200000.0,0.000,11
1753273718514,1753273718514,1753273718514,EURUSD,ask,1.17254,1000.0,0.000,11
1753273718514,1753273718514,1753273718514,EURUSD,ask,1.17256,15000.0,0.000,11
1753273718514,1753273718514,1753273718514,EURUSD,bid,1.17253,1000.0,0.000,11
1753273718514,1753273718514,1753273718514,EURUSD,bid,1.17252,15000.0,0.000,11
1753273718514,1753273718514,1753273718514,EURUSD,ask,1.17259,100000.0,0.000,11
1753273718514,1753273718514,1753273718514,EURUSD,ask,1.17264,200000.0,0.000,11
1753273718514,1753273718514,1753273718514,EURUSD,ask,1.17257,80000.0,0.000,11
1753273718514,1753273718514,1753273718514,EURUSD,bid,1.17242,200000.0,0.000,11
1753273718514,1753273718514,1753273718514,EURUSD,bid,1.17249,50000.0,0.000,11
1753273718514,1753273718514,1753273718514,EURUSD,bid,1.17247,100000.0,0.000,11
1753273718514,1753273718514,1753273718514,EURUSD,bid,1.17250,30000.0,0.000,11
1753273719315,1753273719315,1753273719315,EURUSD,ask,1.17251,15000.0,0.000,10
1753273719315,1753273719315,1753273719315,EURUSD,ask,1.17254,100000.0,0.000,10
1753273719315,1753273719315,1753273719315,EURUSD,ask,1.17249,1000.0,0.000,10
1753273719315,1753273719315,1753273719315,EURUSD,ask,1.17259,200000.0,0.000,10
1753273719315,1753273719315,1753273719315,EURUSD,ask,1.17252,80000.0,0.000,10
1753273719315,1753273719315,1753273719315,EURUSD,bid,1.17247,15000.0,0.000,10
1753273719315,1753273719315,1753273719315,EURUSD,bid,1.17248,1000.0,0.000,10
1753273719315,1753273719315,1753273719315,EURUSD,bid,1.17238,200000.0,0.000,10
1753273719315,1753273719315,1753273719315,EURUSD,bid,1.17243,100000.0,0.000,10
1753273719315,1753273719315,1753273719315,EURUSD,bid,1.17245,80000.0,0.000,10
1753273719486,1753273719486,1753273719486,EURUSD,ask,1.17251,15000.0,0.000,11
1753273719486,1753273719486,1753273719486,EURUSD,ask,1.17249,1000.0,0.000,11
1753273719486,1753273719486,1753273719486,EURUSD,bid,1.17247,15000.0,0.000,11
1753273719486,1753273719486,1753273719486,EURUSD,bid,1.17248,1000.0,0.000,11
1753273719486,1753273719486,1753273719486,EURUSD,bid,1.17238,200000.0,0.000,11
1753273719486,1753273719486,1753273719486,EURUSD,bid,1.17243,100000.0,0.000,11
1753273719486,1753273719486,1753273719486,EURUSD,bid,1.17245,80000.0,0.000,11
1753273719486,1753273719486,1753273719486,EURUSD,ask,1.17256,100000.0,0.000,11
1753273719486,1753273719486,1753273719486,EURUSD,ask,1.17253,50000.0,0.000,11
1753273719486,1753273719486,1753273719486,EURUSD,ask,1.17261,200000.0,0.000,11
1753273719486,1753273719486,1753273719486,EURUSD,ask,1.17252,30000.0,0.000,11
1753273719694,1753273719694,1753273719694,EURUSD,ask,1.17251,15000.0,0.000,11
1753273719694,1753273719694,1753273719694,EURUSD,ask,1.17249,1000.0,0.000,11
1753273719694,1753273719694,1753273719694,EURUSD,bid,1.17247,15000.0,0.000,11
1753273719694,1753273719694,1753273719694,EURUSD,bid,1.17248,1000.0,0.000,11
1753273719694,1753273719694,1753273719694,EURUSD,bid,1.17238,200000.0,0.000,11
1753273719694,1753273719694,1753273719694,EURUSD,bid,1.17243,100000.0,0.000,11
1753273719694,1753273719694,1753273719694,EURUSD,bid,1.17245,80000.0,0.000,11
1753273719694,1753273719694,1753273719694,EURUSD,ask,1.17256,100000.0,0.000,11
1753273719694,1753273719694,1753273719694,EURUSD,ask,1.17261,200000.0,0.000,11
1753273719694,1753273719694,1753273719694,EURUSD,ask,1.17254,50000.0,0.000,11
1753273719694,1753273719694,1753273719694,EURUSD,ask,1.17253,30000.0,0.000,11
1753273720519,1753273720519,1753273720519,EURUSD,ask,1.17254,50000.0,0.000,11
1753273720519,1753273720519,1753273720519,EURUSD,ask,1.17253,30000.0,0.000,11
1753273720519,1753273720519,1753273720519,EURUSD,ask,1.17255,100000.0,0.000,11
1753273720519,1753273720519,1753273720519,EURUSD,ask,1.17250,1000.0,0.000,11
1753273720519,1753273720519,1753273720519,EURUSD,ask,1.17260,200000.0,0.000,11
1753273720519,1753273720519,1753273720519,EURUSD,ask,1.17252,15000.0,0.000,11
1753273720519,1753273720519,1753273720519,EURUSD,bid,1.17239,200000.0,0.000,11
1753273720519,1753273720519,1753273720519,EURUSD,bid,1.17249,1000.0,0.000,11
1753273720519,1753273720519,1753273720519,EURUSD,bid,1.17244,100000.0,0.000,11
1753273720519,1753273720519,1753273720519,EURUSD,bid,1.17248,15000.0,0.000,11
1753273720519,1753273720519,1753273720519,EURUSD,bid,1.17246,80000.0,0.000,11
1753273720724,1753273720724,1753273720724,EURUSD,ask,1.17258,50000.0,0.000,12
1753273720724,1753273720724,1753273720724,EURUSD,ask,1.17264,200000.0,0.000,12
1753273720724,1753273720724,1753273720724,EURUSD,ask,1.17256,15000.0,0.000,12
1753273720724,1753273720724,1753273720724,EURUSD,ask,1.17257,30000.0,0.000,12
1753273720724,1753273720724,1753273720724,EURUSD,ask,1.17260,100000.0,0.000,12
1753273720724,1753273720724,1753273720724,EURUSD,ask,1.17254,1000.0,0.000,12
1753273720724,1753273720724,1753273720724,EURUSD,bid,1.17250,50000.0,0.000,12
1753273720724,1753273720724,1753273720724,EURUSD,bid,1.17252,15000.0,0.000,12
1753273720724,1753273720724,1753273720724,EURUSD,bid,1.17251,30000.0,0.000,12
1753273720724,1753273720724,1753273720724,EURUSD,bid,1.17253,1000.0,0.000,12
1753273720724,1753273720724,1753273720724,EURUSD,bid,1.17243,200000.0,0.000,12
1753273720724,1753273720724,1753273720724,EURUSD,bid,1.17248,100000.0,0.000,12
1753273720883,1753273720883,1753273720884,EURUSD,ask,1.17258,50000.0,1.000,12
1753273720883,1753273720883,1753273720884,EURUSD,ask,1.17264,200000.0,1.000,12
1753273720883,1753273720883,1753273720884,EURUSD,ask,1.17256,15000.0,1.000,12
1753273720883,1753273720883,1753273720884,EURUSD,ask,1.17257,30000.0,1.000,12
1753273720883,1753273720883,1753273720884,EURUSD,ask,1.17260,100000.0,1.000,12
1753273720883,1753273720883,1753273720884,EURUSD,ask,1.17254,1000.0,1.000,12
1753273720883,1753273720883,1753273720884,EURUSD,bid,1.17252,15000.0,1.000,12
1753273720883,1753273720883,1753273720884,EURUSD,bid,1.17253,1000.0,1.000,12
1753273720883,1753273720883,1753273720884,EURUSD,bid,1.17250,30000.0,1.000,12
1753273720883,1753273720883,1753273720884,EURUSD,bid,1.17247,100000.0,1.000,12
1753273720883,1753273720883,1753273720884,EURUSD,bid,1.17242,200000.0,1.000,12
1753273720883,1753273720883,1753273720884,EURUSD,bid,1.17249,50000.0,1.000,12
1753273721295,1753273721295,1753273721295,EURUSD,bid,1.17250,30000.0,0.000,12
1753273721295,1753273721295,1753273721295,EURUSD,bid,1.17249,50000.0,0.000,12
1753273721295,1753273721295,1753273721295,EURUSD,ask,1.17261,100000.0,0.000,12
1753273721295,1753273721295,1753273721295,EURUSD,ask,1.17265,200000.0,0.000,12
1753273721295,1753273721295,1753273721295,EURUSD,ask,1.17257,15000.0,0.000,12
1753273721295,1753273721295,1753273721295,EURUSD,ask,1.17255,1000.0,0.000,12
1753273721295,1753273721295,1753273721295,EURUSD,ask,1.17259,50000.0,0.000,12
1753273721295,1753273721295,1753273721295,EURUSD,ask,1.17258,30000.0,0.000,12
1753273721295,1753273721295,1753273721295,EURUSD,bid,1.17254,1000.0,0.000,12
1753273721295,1753273721295,1753273721295,EURUSD,bid,1.17253,15000.0,0.000,12
1753273721295,1753273721295,1753273721295,EURUSD,bid,1.17241,200000.0,0.000,12
1753273721295,1753273721295,1753273721295,EURUSD,bid,1.17246,100000.0,0.000,12
1753273721692,1753273721692,1753273721692,EURUSD,ask,1.17265,200000.0,0.000,12
1753273721692,1753273721692,1753273721692,EURUSD,ask,1.17257,15000.0,0.000,12
1753273721692,1753273721692,1753273721692,EURUSD,ask,1.17255,1000.0,0.000,12
1753273721692,1753273721692,1753273721692,EURUSD,bid,1.17254,1000.0,0.000,12
1753273721692,1753273721692,1753273721692,EURUSD,ask,1.17258,80000.0,0.000,12
1753273721692,1753273721692,1753273721692,EURUSD,ask,1.17260,100000.0,0.000,12
1753273721692,1753273721692,1753273721692,EURUSD,bid,1.17247,50000.0,0.000,12
1753273721692,1753273721692,1753273721692,EURUSD,bid,1.17252,10000.0,0.000,12
1753273721692,1753273721692,1753273721692,EURUSD,bid,1.17244,100000.0,0.000,12
1753273721692,1753273721692,1753273721692,EURUSD,bid,1.17249,30000.0,0.000,12
1753273721692,1753273721692,1753273721692,EURUSD,bid,1.17239,200000.0,0.000,12
1753273721692,1753273721692,1753273721692,EURUSD,bid,1.17253,5000.0,0.000,12
1753273721920,1753273721920,1753273721920,EURUSD,ask,1.17259,80000.0,0.000,12
1753273721920,1753273721920,1753273721920,EURUSD,ask,1.17258,15000.0,0.000,12
1753273721920,1753273721920,1753273721920,EURUSD,ask,1.17266,200000.0,0.000,12
1753273721920,1753273721920,1753273721920,EURUSD,ask,1.17261,100000.0,0.000,12
1753273721920,1753273721920,1753273721920,EURUSD,ask,1.17256,1000.0,0.000,12
1753273721920,1753273721920,1753273721920,EURUSD,bid,1.17254,5000.0,0.000,12
1753273721920,1753273721920,1753273721920,EURUSD,bid,1.17255,1000.0,0.000,12
1753273721920,1753273721920,1753273721920,EURUSD,bid,1.17240,200000.0,0.000,12
1753273721920,1753273721920,1753273721920,EURUSD,bid,1.17250,30000.0,0.000,12
1753273721920,1753273721920,1753273721920,EURUSD,bid,1.17253,10000.0,0.000,12
1753273721920,1753273721920,1753273721920,EURUSD,bid,1.17245,100000.0,0.000,12
1753273721920,1753273721920,1753273721920,EURUSD,bid,1.17248,50000.0,0.000,12
1753273725493,1753273725493,1753273725493,EURUSD,ask,1.17258,1000.0,0.000,11
1753273725493,1753273725493,1753273725493,EURUSD,ask,1.17261,80000.0,0.000,11
1753273725493,1753273725493,1753273725493,EURUSD,ask,1.17260,15000.0,0.000,11
1753273725493,1753273725493,1753273725493,EURUSD,ask,1.17263,100000.0,0.000,11
1753273725493,1753273725493,1753273725493,EURUSD,ask,1.17268,200000.0,0.000,11
1753273725493,1753273725493,1753273725493,EURUSD,bid,1.17256,15000.0,0.000,11
1753273725493,1753273725493,1753273725493,EURUSD,bid,1.17257,1000.0,0.000,11
1753273725493,1753273725493,1753273725493,EURUSD,bid,1.17245,200000.0,0.000,11
1753273725493,1753273725493,1753273725493,EURUSD,bid,1.17253,30000.0,0.000,11
1753273725493,1753273725493,1753273725493,EURUSD,bid,1.17252,50000.0,0.000,11
1753273725493,1753273725493,1753273725493,EURUSD,bid,1.17250,100000.0,0.000,11
1753273725692,1753273725692,1753273725692,EURUSD,bid,1.17245,200000.0,0.000,11
1753273725692,1753273725692,1753273725692,EURUSD,bid,1.17250,100000.0,0.000,11
1753273725692,1753273725692,1753273725692,EURUSD,ask,1.17261,1000.0,0.000,11
1753273725692,1753273725692,1753273725692,EURUSD,ask,1.17262,15000.0,0.000,11
1753273725692,1753273725692,1753273725692,EURUSD,ask,1.17270,200000.0,0.000,11
1753273725692,1753273725692,1753273725692,EURUSD,ask,1.17265,100000.0,0.000,11
1753273725692,1753273725692,1753273725692,EURUSD,ask,1.17263,80000.0,0.000,11
1753273725692,1753273725692,1753273725692,EURUSD,bid,1.17259,1000.0,0.000,11
1753273725692,1753273725692,1753273725692,EURUSD,bid,1.17255,30000.0,0.000,11
1753273725692,1753273725692,1753273725692,EURUSD,bid,1.17253,50000.0,0.000,11
1753273725692,1753273725692,1753273725692,EURUSD,bid,1.17258,15000.0,0.000,11
1753273725884,1753273725884,1753273725884,EURUSD,bid,1.17245,200000.0,0.000,11
1753273725884,1753273725884,1753273725884,EURUSD,bid,1.17250,100000.0,0.000,11
1753273725884,1753273725884,1753273725884,EURUSD,bid,1.17253,50000.0,0.000,11
1753273725884,1753273725884,1753273725884,EURUSD,ask,1.17262,80000.0,0.000,11
1753273725884,1753273725884,1753273725884,EURUSD,ask,1.17261,15000.0,0.000,11
1753273725884,1753273725884,1753273725884,EURUSD,ask,1.17264,100000.0,0.000,11
1753273725884,1753273725884,1753273725884,EURUSD,ask,1.17260,1000.0,0.000,11
1753273725884,1753273725884,1753273725884,EURUSD,ask,1.17269,200000.0,0.000,11
1753273725884,1753273725884,1753273725884,EURUSD,bid,1.17258,1000.0,0.000,11
1753273725884,1753273725884,1753273725884,EURUSD,bid,1.17257,15000.0,0.000,11
1753273725884,1753273725884,1753273725884,EURUSD,bid,1.17254,30000.0,0.000,11
1753273726299,1753273726299,1753273726299,EURUSD,ask,1.17262,80000.0,0.000,11
1753273726299,1753273726299,1753273726299,EURUSD,ask,1.17261,15000.0,0.000,11
1753273726299,1753273726299,1753273726299,EURUSD,ask,1.17264,100000.0,0.000,11
1753273726299,1753273726299,1753273726299,EURUSD,ask,1.17260,1000.0,0.000,11
1753273726299,1753273726299,1753273726299,EURUSD,ask,1.17269,200000.0,0.000,11
1753273726299,1753273726299,1753273726299,EURUSD,bid,1.17258,1000.0,0.000,11
1753273726299,1753273726299,1753273726299,EURUSD,bid,1.17257,15000.0,0.000,11
1753273726299,1753273726299,1753273726299,EURUSD,bid,1.17255,30000.0,0.000,11
1753273726299,1753273726299,1753273726299,EURUSD,bid,1.17247,200000.0,0.000,11
1753273726299,1753273726299,1753273726299,EURUSD,bid,1.17252,100000.0,0.000,11
1753273726299,1753273726299,1753273726299,EURUSD,bid,1.17254,50000.0,0.000,11
1753273726499,1753273726499,1753273726499,EURUSD,bid,1.17247,200000.0,0.000,11
1753273726499,1753273726499,1753273726499,EURUSD,bid,1.17252,100000.0,0.000,11
1753273726499,1753273726499,1753273726499,EURUSD,ask,1.17271,200000.0,0.000,11
1753273726499,1753273726499,1753273726499,EURUSD,ask,1.17267,100000.0,0.000,11
1753273726499,1753273726499,1753273726499,EURUSD,ask,1.17264,45000.0,0.000,11
1753273726499,1753273726499,1753273726499,EURUSD,ask,1.17263,1000.0,0.000,11
1753273726499,1753273726499,1753273726499,EURUSD,ask,1.17265,50000.0,0.000,11
1753273726499,1753273726499,1753273726499,EURUSD,bid,1.17261,1000.0,0.000,11
1753273726499,1753273726499,1753273726499,EURUSD,bid,1.17257,30000.0,0.000,11
1753273726499,1753273726499,1753273726499,EURUSD,bid,1.17255,50000.0,0.000,11
1753273726499,1753273726499,1753273726499,EURUSD,bid,1.17260,15000.0,0.000,11
1753273726686,1753273726686,1753273726686,EURUSD,bid,1.17252,100000.0,0.000,11
1753273726686,1753273726686,1753273726686,EURUSD,ask,1.17270,200000.0,0.000,11
1753273726686,1753273726686,1753273726686,EURUSD,ask,1.17263,45000.0,0.000,11
1753273726686,1753273726686,1753273726686,EURUSD,ask,1.17265,100000.0,0.000,11
1753273726686,1753273726686,1753273726686,EURUSD,ask,1.17261,1000.0,0.000,11
1753273726686,1753273726686,1753273726686,EURUSD,ask,1.17264,50000.0,0.000,11
1753273726686,1753273726686,1753273726686,EURUSD,bid,1.17246,200000.0,0.000,11
1753273726686,1753273726686,1753273726686,EURUSD,bid,1.17260,1000.0,0.000,11
1753273726686,1753273726686,1753273726686,EURUSD,bid,1.17254,50000.0,0.000,11
1753273726686,1753273726686,1753273726686,EURUSD,bid,1.17259,15000.0,0.000,11
1753273726686,1753273726686,1753273726686,EURUSD,bid,1.17256,30000.0,0.000,11
1753273726891,1753273726891,1753273726891,EURUSD,ask,1.17270,200000.0,0.000,12
1753273726891,1753273726891,1753273726891,EURUSD,ask,1.17263,45000.0,0.000,12
1753273726891,1753273726891,1753273726891,EURUSD,ask,1.17261,1000.0,0.000,12
1753273726891,1753273726891,1753273726891,EURUSD,ask,1.17264,50000.0,0.000,12
1753273726891,1753273726891,1753273726891,EURUSD,bid,1.17260,1000.0,0.000,12
1753273726891,1753273726891,1753273726891,EURUSD,ask,1.17266,100000.0,0.000,12
1753273726891,1753273726891,1753273726891,EURUSD,bid,1.17253,50000.0,0.000,12
1753273726891,1753273726891,1753273726891,EURUSD,bid,1.17259,5000.0,0.000,12
1753273726891,1753273726891,1753273726891,EURUSD,bid,1.17258,10000.0,0.000,12
1753273726891,1753273726891,1753273726891,EURUSD,bid,1.17251,100000.0,0.000,12
1753273726891,1753273726891,1753273726891,EURUSD,bid,1.17255,30000.0,0.000,12
1753273726891,1753273726891,1753273726891,EURUSD,bid,1.17245,200000.0,0.000,12
1753273727286,1753273727286,1753273727286,EURUSD,ask,1.17261,1000.0,0.000,11
1753273727286,1753273727286,1753273727286,EURUSD,bid,1.17260,1000.0,0.000,11
1753273727286,1753273727286,1753273727286,EURUSD,ask,1.17266,100000.0,0.000,11
1753273727286,1753273727286,1753273727286,EURUSD,ask,1.17263,15000.0,0.000,11
1753273727286,1753273727286,1753273727286,EURUSD,ask,1.17264,80000.0,0.000,11
1753273727286,1753273727286,1753273727286,EURUSD,ask,1.17271,200000.0,0.000,11
1753273727286,1753273727286,1753273727286,EURUSD,bid,1.17247,200000.0,0.000,11
1753273727286,1753273727286,1753273727286,EURUSD,bid,1.17252,100000.0,0.000,11
1753273727286,1753273727286,1753273727286,EURUSD,bid,1.17255,50000.0,0.000,11
1753273727286,1753273727286,1753273727286,EURUSD,bid,1.17256,30000.0,0.000,11
1753273727286,1753273727286,1753273727286,EURUSD,bid,1.17259,15000.0,0.000,11
1753273729287,1753273729287,1753273729287,EURUSD,ask,1.17261,1000.0,0.000,11
1753273729287,1753273729287,1753273729287,EURUSD,ask,1.17266,100000.0,0.000,11
1753273729287,1753273729287,1753273729287,EURUSD,ask,1.17263,15000.0,0.000,11
1753273729287,1753273729287,1753273729287,EURUSD,ask,1.17264,80000.0,0.000,11
1753273729287,1753273729287,1753273729287,EURUSD,ask,1.17271,200000.0,0.000,11
1753273729287,1753273729287,1753273729287,EURUSD,bid,1.17255,50000.0,0.000,11
1753273729287,1753273729287,1753273729287,EURUSD,bid,1.17261,1000.0,0.000,11
1753273729287,1753273729287,1753273729287,EURUSD,bid,1.17260,15000.0,0.000,11
1753273729287,1753273729287,1753273729287,EURUSD,bid,1.17248,200000.0,0.000,11
1753273729287,1753273729287,1753273729287,EURUSD,bid,1.17257,30000.0,0.000,11
1753273729287,1753273729287,1753273729287,EURUSD,bid,1.17253,100000.0,0.000,11
1753273729686,1753273729686,1753273729686,EURUSD,bid,1.17257,30000.0,0.000,11
1753273729686,1753273729686,1753273729686,EURUSD,ask,1.17262,15000.0,0.000,11
1753273729686,1753273729686,1753273729686,EURUSD,ask,1.17270,200000.0,0.000,11
1753273729686,1753273729686,1753273729686,EURUSD,ask,1.17260,1000.0,0.000,11
1753273729686,1753273729686,1753273729686,EURUSD,ask,1.17265,100000.0,0.000,11
1753273729686,1753273729686,1753273729686,EURUSD,ask,1.17263,80000.0,0.000,11
1753273729686,1753273729686,1753273729686,EURUSD,bid,1.17249,200000.0,0.000,11
1753273729686,1753273729686,1753273729686,EURUSD,bid,1.17256,50000.0,0.000,11
1753273729686,1753273729686,1753273729686,EURUSD,bid,1.17260,1000.0,0.000,11
1753273729686,1753273729686,1753273729686,EURUSD,bid,1.17259,15000.0,0.000,11
1753273729686,1753273729686,1753273729686,EURUSD,bid,1.17254,100000.0,0.000,11
1753273729883,1753273729883,1753273729884,EURUSD,bid,1.17257,30000.0,1.000,11
1753273729883,1753273729883,1753273729884,EURUSD,ask,1.17260,1000.0,1.000,11
1753273729883,1753273729883,1753273729884,EURUSD,ask,1.17265,100000.0,1.000,11
1753273729883,1753273729883,1753273729884,EURUSD,bid,1.17249,200000.0,1.000,11
1753273729883,1753273729883,1753273729884,EURUSD,bid,1.17256,50000.0,1.000,11
1753273729883,1753273729883,1753273729884,EURUSD,bid,1.17260,1000.0,1.000,11
1753273729883,1753273729883,1753273729884,EURUSD,bid,1.17259,15000.0,1.000,11
1753273729883,1753273729883,1753273729884,EURUSD,bid,1.17254,100000.0,1.000,11
1753273729883,1753273729883,1753273729884,EURUSD,ask,1.17263,50000.0,1.000,11
1753273729883,1753273729883,1753273729884,EURUSD,ask,1.17262,45000.0,1.000,11
1753273729883,1753273729883,1753273729884,EURUSD,ask,1.17269,200000.0,1.000,11
1753273730281,1753273730281,1753273730281,EURUSD,bid,1.17257,30000.0,0.000,11
1753273730281,1753273730281,1753273730281,EURUSD,ask,1.17260,1000.0,0.000,11
1753273730281,1753273730281,1753273730281,EURUSD,ask,1.17265,100000.0,0.000,11
1753273730281,1753273730281,1753273730281,EURUSD,bid,1.17256,50000.0,0.000,11
1753273730281,1753273730281,1753273730281,EURUSD,bid,1.17260,1000.0,0.000,11
1753273730281,1753273730281,1753273730281,EURUSD,bid,1.17259,15000.0,0.000,11
1753273730281,1753273730281,1753273730281,EURUSD,ask,1.17270,200000.0,0.000,11
1753273730281,1753273730281,1753273730281,EURUSD,ask,1.17262,15000.0,0.000,11
1753273730281,1753273730281,1753273730281,EURUSD,ask,1.17263,80000.0,0.000,11
1753273730281,1753273730281,1753273730281,EURUSD,bid,1.17250,200000.0,0.000,11
1753273730281,1753273730281,1753273730281,EURUSD,bid,1.17255,100000.0,0.000,11
1753273730476,1753273730476,1753273730476,EURUSD,bid,1.17257,30000.0,0.000,12
1753273730476,1753273730476,1753273730476,EURUSD,ask,1.17260,1000.0,0.000,12
1753273730476,1753273730476,1753273730476,EURUSD,bid,1.17256,50000.0,0.000,12
1753273730476,1753273730476,1753273730476,EURUSD,bid,1.17260,1000.0,0.000,12
1753273730476,1753273730476,1753273730476,EURUSD,bid,1.17259,15000.0,0.000,12
1753273730476,1753273730476,1753273730476,EURUSD,ask,1.17270,200000.0,0.000,12
1753273730476,1753273730476,1753273730476,EURUSD,ask,1.17262,15000.0,0.000,12
1753273730476,1753273730476,1753273730476,EURUSD,bid,1.17250,200000.0,0.000,12
1753273730476,1753273730476,1753273730476,EURUSD,bid,1.17255,100000.0,0.000,12
1753273730476,1753273730476,1753273730476,EURUSD,ask,1.17263,30000.0,0.000,12
1753273730476,1753273730476,1753273730476,EURUSD,ask,1.17264,50000.0,0.000,12
1753273730476,1753273730476,1753273730476,EURUSD,ask,1.17266,100000.0,0.000,12
1753273730886,1753273730886,1753273730886,EURUSD,ask,1.17260,1000.0,0.000,10
1753273730886,1753273730886,1753273730886,EURUSD,bid,1.17260,1000.0,0.000,10
1753273730886,1753273730886,1753273730886,EURUSD,bid,1.17259,15000.0,0.000,10
1753273730886,1753273730886,1753273730886,EURUSD,ask,1.17270,200000.0,0.000,10
1753273730886,1753273730886,1753273730886,EURUSD,ask,1.17262,15000.0,0.000,10
1753273730886,1753273730886,1753273730886,EURUSD,bid,1.17250,200000.0,0.000,10
1753273730886,1753273730886,1753273730886,EURUSD,bid,1.17255,100000.0,0.000,10
1753273730886,1753273730886,1753273730886,EURUSD,ask,1.17265,100000.0,0.000,10
1753273730886,1753273730886,1753273730886,EURUSD,ask,1.17263,80000.0,0.000,10
1753273730886,1753273730886,1753273730886,EURUSD,bid,1.17257,80000.0,0.000,10
1753273731285,1753273731285,1753273731285,EURUSD,ask,1.17260,1000.0,0.000,11
1753273731285,1753273731285,1753273731285,EURUSD,bid,1.17260,1000.0,0.000,11
1753273731285,1753273731285,1753273731285,EURUSD,bid,1.17259,15000.0,0.000,11
1753273731285,1753273731285,1753273731285,EURUSD,ask,1.17270,200000.0,0.000,11
1753273731285,1753273731285,1753273731285,EURUSD,ask,1.17262,15000.0,0.000,11
1753273731285,1753273731285,1753273731285,EURUSD,bid,1.17250,200000.0,0.000,11
1753273731285,1753273731285,1753273731285,EURUSD,bid,1.17255,100000.0,0.000,11
1753273731285,1753273731285,1753273731285,EURUSD,ask,1.17265,100000.0,0.000,11
1753273731285,1753273731285,1753273731285,EURUSD,ask,1.17263,80000.0,0.000,11
1753273731285,1753273731285,1753273731285,EURUSD,bid,1.17257,30000.0,0.000,11
1753273731285,1753273731285,1753273731285,EURUSD,bid,1.17256,50000.0,0.000,11
1753273732095,1753273732095,1753273732095,EURUSD,ask,1.17267,30000.0,0.000,12
1753273732095,1753273732095,1753273732095,EURUSD,ask,1.17274,200000.0,0.000,12
1753273732095,1753273732095,1753273732095,EURUSD,ask,1.17266,15000.0,0.000,12
1753273732095,1753273732095,1753273732095,EURUSD,ask,1.17264,1000.0,0.000,12
1753273732095,1753273732095,1753273732095,EURUSD,ask,1.17268,50000.0,0.000,12
1753273732095,1753273732095,1753273732095,EURUSD,ask,1.17269,100000.0,0.000,12
1753273732095,1753273732095,1753273732095,EURUSD,bid,1.17260,50000.0,0.000,12
1753273732095,1753273732095,1753273732095,EURUSD,bid,1.17264,1000.0,0.000,12
1753273732095,1753273732095,1753273732095,EURUSD,bid,1.17261,30000.0,0.000,12
1753273732095,1753273732095,1753273732095,EURUSD,bid,1.17253,200000.0,0.000,12
1753273732095,1753273732095,1753273732095,EURUSD,bid,1.17258,100000.0,0.000,12
1753273732095,1753273732095,1753273732095,EURUSD,bid,1.17263,15000.0,0.000,12
1753273732295,1753273732295,1753273732295,EURUSD,ask,1.17274,200000.0,0.000,11
1753273732295,1753273732295,1753273732295,EURUSD,ask,1.17266,15000.0,0.000,11
1753273732295,1753273732295,1753273732295,EURUSD,ask,1.17264,1000.0,0.000,11
1753273732295,1753273732295,1753273732295,EURUSD,ask,1.17269,100000.0,0.000,11
1753273732295,1753273732295,1753273732295,EURUSD,bid,1.17260,50000.0,0.000,11
1753273732295,1753273732295,1753273732295,EURUSD,bid,1.17264,1000.0,0.000,11
1753273732295,1753273732295,1753273732295,EURUSD,bid,1.17261,30000.0,0.000,11
1753273732295,1753273732295,1753273732295,EURUSD,bid,1.17253,200000.0,0.000,11
1753273732295,1753273732295,1753273732295,EURUSD,bid,1.17258,100000.0,0.000,11
1753273732295,1753273732295,1753273732295,EURUSD,bid,1.17263,15000.0,0.000,11
1753273732295,1753273732295,1753273732295,EURUSD,ask,1.17267,80000.0,0.000,11
1753273733499,1753273733499,1753273733499,EURUSD,ask,1.17269,100000.0,0.000,12
1753273733499,1753273733499,1753273733499,EURUSD,bid,1.17253,200000.0,0.000,12
1753273733499,1753273733499,1753273733499,EURUSD,ask,1.17263,1000.0,0.000,12
1753273733499,1753273733499,1753273733499,EURUSD,ask,1.17267,50000.0,0.000,12
1753273733499,1753273733499,1753273733499,EURUSD,ask,1.17266,30000.0,0.000,12
1753273733499,1753273733499,1753273733499,EURUSD,ask,1.17265,15000.0,0.000,12
1753273733499,1753273733499,1753273733499,EURUSD,ask,1.17273,200000.0,0.000,12
1753273733499,1753273733499,1753273733499,EURUSD,bid,1.17260,30000.0,0.000,12
1753273733499,1753273733499,1753273733499,EURUSD,bid,1.17263,1000.0,0.000,12
1753273733499,1753273733499,1753273733499,EURUSD,bid,1.17262,15000.0,0.000,12
1753273733499,1753273733499,1753273733499,EURUSD,bid,1.17257,100000.0,0.000,12
1753273733499,1753273733499,1753273733499,EURUSD,bid,1.17259,50000.0,0.000,12
1753273734693,1753273734693,1753273734693,EURUSD,bid,1.17260,30000.0,0.000,12
1753273734693,1753273734693,1753273734693,EURUSD,bid,1.17257,100000.0,0.000,12
1753273734693,1753273734693,1753273734693,EURUSD,bid,1.17259,50000.0,0.000,12
1753273734693,1753273734693,1753273734693,EURUSD,ask,1.17266,15000.0,0.000,12
1753273734693,1753273734693,1753273734693,EURUSD,ask,1.17267,30000.0,0.000,12
1753273734693,1753273734693,1753273734693,EURUSD,ask,1.17270,100000.0,0.000,12
1753273734693,1753273734693,1753273734693,EURUSD,ask,1.17274,200000.0,0.000,12
1753273734693,1753273734693,1753273734693,EURUSD,ask,1.17264,1000.0,0.000,12
1753273734693,1753273734693,1753273734693,EURUSD,ask,1.17268,50000.0,0.000,12
1753273734693,1753273734693,1753273734693,EURUSD,bid,1.17252,200000.0,0.000,12
1753273734693,1753273734693,1753273734693,EURUSD,bid,1.17264,1000.0,0.000,12
1753273734693,1753273734693,1753273734693,EURUSD,bid,1.17263,15000.0,0.000,12
1753273734879,1753273734879,1753273734879,EURUSD,bid,1.17260,30000.0,0.000,12
1753273734879,1753273734879,1753273734879,EURUSD,bid,1.17259,50000.0,0.000,12
1753273734879,1753273734879,1753273734879,EURUSD,ask,1.17266,15000.0,0.000,12
1753273734879,1753273734879,1753273734879,EURUSD,ask,1.17267,30000.0,0.000,12
1753273734879,1753273734879,1753273734879,EURUSD,ask,1.17270,100000.0,0.000,12
1753273734879,1753273734879,1753273734879,EURUSD,ask,1.17274,200000.0,0.000,12
1753273734879,1753273734879,1753273734879,EURUSD,ask,1.17264,1000.0,0.000,12
1753273734879,1753273734879,1753273734879,EURUSD,ask,1.17268,50000.0,0.000,12
1753273734879,1753273734879,1753273734879,EURUSD,bid,1.17264,1000.0,0.000,12
1753273734879,1753273734879,1753273734879,EURUSD,bid,1.17263,15000.0,0.000,12
1753273734879,1753273734879,1753273734879,EURUSD,bid,1.17256,100000.0,0.000,12
1753273734879,1753273734879,1753273734879,EURUSD,bid,1.17251,200000.0,0.000,12
1753273735283,1753273735283,1753273735283,EURUSD,bid,1.17256,100000.0,0.000,12
1753273735283,1753273735283,1753273735283,EURUSD,bid,1.17251,200000.0,0.000,12
1753273735283,1753273735283,1753273735283,EURUSD,ask,1.17265,15000.0,0.000,12
1753273735283,1753273735283,1753273735283,EURUSD,ask,1.17269,100000.0,0.000,12
1753273735283,1753273735283,1753273735283,EURUSD,ask,1.17267,50000.0,0.000,12
1753273735283,1753273735283,1753273735283,EURUSD,ask,1.17273,200000.0,0.000,12
