source_timestamp_ms,received_timestamp_ms,log_timestamp_ms,symbol,side,price,volume,latency_ms,total_quotes
1753364870814,1753364870814,1753364870814,EURUSD,ask,1.17657,50000.0,0.000,12
1753364870814,1753364870814,1753364870814,EURUSD,ask,1.17667,200000.0,0.000,12
1753364870814,1753364870814,1753364870814,EURUSD,ask,1.17652,1000.0,0.000,12
1753364870814,1753364870814,1753364870814,EURUSD,ask,1.17654,15000.0,0.000,12
1753364870814,1753364870814,1753364870814,EURUSD,ask,1.17660,100000.0,0.000,12
1753364870814,1753364870814,1753364870814,EURUSD,ask,1.17656,30000.0,0.000,12
1753364870814,1753364870814,1753364870814,EURUSD,bid,1.17651,15000.0,0.000,12
1753364870814,1753364870814,1753364870814,EURUSD,bid,1.17645,100000.0,0.000,12
1753364870814,1753364870814,1753364870814,EURUSD,bid,1.17649,30000.0,0.000,12
1753364870814,1753364870814,1753364870814,EURUSD,bid,1.17638,200000.0,0.000,12
1753364870814,1753364870814,1753364870814,EURUSD,bid,1.17648,50000.0,0.000,12
1753364870814,1753364870814,1753364870814,EURUSD,bid,1.17652,1000.0,0.000,12
1753364870893,1753364870893,1753364870893,EURUSD,ask,1.17651,1000.0,0.000,12
1753364870893,1753364870893,1753364870893,EURUSD,ask,1.17653,15000.0,0.000,12
1753364870893,1753364870893,1753364870893,EURUSD,ask,1.17654,30000.0,0.000,12
1753364870893,1753364870893,1753364870893,EURUSD,ask,1.17658,100000.0,0.000,12
1753364870893,1753364870893,1753364870893,EURUSD,ask,1.17655,50000.0,0.000,12
1753364870893,1753364870893,1753364870893,EURUSD,ask,1.17665,200000.0,0.000,12
1753364870893,1753364870893,1753364870893,EURUSD,bid,1.17651,1000.0,0.000,12
1753364870893,1753364870893,1753364870893,EURUSD,bid,1.17647,30000.0,0.000,12
1753364870893,1753364870893,1753364870893,EURUSD,bid,1.17650,15000.0,0.000,12
1753364870893,1753364870893,1753364870893,EURUSD,bid,1.17643,100000.0,0.000,12
1753364870893,1753364870893,1753364870893,EURUSD,bid,1.17637,200000.0,0.000,12
1753364870893,1753364870893,1753364870893,EURUSD,bid,1.17646,50000.0,0.000,12
1753364871318,1753364871318,1753364871318,EURUSD,ask,1.17654,1000.0,0.000,12
1753364871318,1753364871318,1753364871318,EURUSD,ask,1.17656,15000.0,0.000,12
1753364871318,1753364871318,1753364871318,EURUSD,ask,1.17659,50000.0,0.000,12
1753364871318,1753364871318,1753364871318,EURUSD,ask,1.17658,30000.0,0.000,12
1753364871318,1753364871318,1753364871318,EURUSD,ask,1.17668,200000.0,0.000,12
1753364871318,1753364871318,1753364871318,EURUSD,ask,1.17661,100000.0,0.000,12
1753364871318,1753364871318,1753364871318,EURUSD,bid,1.17640,200000.0,0.000,12
1753364871318,1753364871318,1753364871318,EURUSD,bid,1.17650,30000.0,0.000,12
1753364871318,1753364871318,1753364871318,EURUSD,bid,1.17649,50000.0,0.000,12
1753364871318,1753364871318,1753364871318,EURUSD,bid,1.17653,15000.0,0.000,12
1753364871318,1753364871318,1753364871318,EURUSD,bid,1.17646,100000.0,0.000,12
1753364871318,1753364871318,1753364871318,EURUSD,bid,1.17654,1000.0,0.000,12
1753364871482,1753364871482,1753364871483,EURUSD,ask,1.17661,100000.0,1.000,12
1753364871482,1753364871482,1753364871483,EURUSD,ask,1.17653,1000.0,1.000,12
1753364871482,1753364871482,1753364871483,EURUSD,ask,1.17657,30000.0,1.000,12
1753364871482,1753364871482,1753364871483,EURUSD,ask,1.17655,15000.0,1.000,12
1753364871482,1753364871482,1753364871483,EURUSD,ask,1.17658,50000.0,1.000,12
1753364871482,1753364871482,1753364871483,EURUSD,ask,1.17667,200000.0,1.000,12
1753364871482,1753364871482,1753364871483,EURUSD,bid,1.17645,100000.0,1.000,12
1753364871482,1753364871482,1753364871483,EURUSD,bid,1.17653,1000.0,1.000,12
1753364871482,1753364871482,1753364871483,EURUSD,bid,1.17652,15000.0,1.000,12
1753364871482,1753364871482,1753364871483,EURUSD,bid,1.17639,200000.0,1.000,12
1753364871482,1753364871482,1753364871483,EURUSD,bid,1.17649,30000.0,1.000,12
1753364871482,1753364871482,1753364871483,EURUSD,bid,1.17648,50000.0,1.000,12
1753364871680,1753364871680,1753364871680,EURUSD,ask,1.17661,100000.0,0.000,12
1753364871680,1753364871680,1753364871680,EURUSD,ask,1.17653,1000.0,0.000,12
1753364871680,1753364871680,1753364871680,EURUSD,ask,1.17657,30000.0,0.000,12
1753364871680,1753364871680,1753364871680,EURUSD,ask,1.17655,15000.0,0.000,12
1753364871680,1753364871680,1753364871680,EURUSD,ask,1.17658,50000.0,0.000,12
1753364871680,1753364871680,1753364871680,EURUSD,ask,1.17667,200000.0,0.000,12
1753364871680,1753364871680,1753364871680,EURUSD,bid,1.17645,100000.0,0.000,12
1753364871680,1753364871680,1753364871680,EURUSD,bid,1.17653,1000.0,0.000,12
1753364871680,1753364871680,1753364871680,EURUSD,bid,1.17652,15000.0,0.000,12
1753364871680,1753364871680,1753364871680,EURUSD,bid,1.17649,30000.0,0.000,12
1753364871680,1753364871680,1753364871680,EURUSD,bid,1.17648,50000.0,0.000,12
1753364871680,1753364871680,1753364871680,EURUSD,bid,1.17638,200000.0,0.000,12
1753364871892,1753364871892,1753364871892,EURUSD,ask,1.17655,50000.0,0.000,12
1753364871892,1753364871892,1753364871892,EURUSD,ask,1.17651,1000.0,0.000,12
1753364871892,1753364871892,1753364871892,EURUSD,ask,1.17654,30000.0,0.000,12
1753364871892,1753364871892,1753364871892,EURUSD,ask,1.17653,15000.0,0.000,12
1753364871892,1753364871892,1753364871892,EURUSD,ask,1.17658,100000.0,0.000,12
1753364871892,1753364871892,1753364871892,EURUSD,ask,1.17665,200000.0,0.000,12
1753364871892,1753364871892,1753364871892,EURUSD,bid,1.17650,15000.0,0.000,12
1753364871892,1753364871892,1753364871892,EURUSD,bid,1.17643,100000.0,0.000,12
1753364871892,1753364871892,1753364871892,EURUSD,bid,1.17647,30000.0,0.000,12
1753364871892,1753364871892,1753364871892,EURUSD,bid,1.17651,1000.0,0.000,12
1753364871892,1753364871892,1753364871892,EURUSD,bid,1.17646,50000.0,0.000,12
1753364871892,1753364871892,1753364871892,EURUSD,bid,1.17636,200000.0,0.000,12
1753364872084,1753364872084,1753364872084,EURUSD,ask,1.17655,50000.0,0.000,12
1753364872084,1753364872084,1753364872084,EURUSD,ask,1.17651,1000.0,0.000,12
1753364872084,1753364872084,1753364872084,EURUSD,ask,1.17654,30000.0,0.000,12
1753364872084,1753364872084,1753364872084,EURUSD,ask,1.17653,15000.0,0.000,12
1753364872084,1753364872084,1753364872084,EURUSD,ask,1.17658,100000.0,0.000,12
1753364872084,1753364872084,1753364872084,EURUSD,bid,1.17650,15000.0,0.000,12
1753364872084,1753364872084,1753364872084,EURUSD,bid,1.17643,100000.0,0.000,12
1753364872084,1753364872084,1753364872084,EURUSD,bid,1.17647,30000.0,0.000,12
1753364872084,1753364872084,1753364872084,EURUSD,bid,1.17651,1000.0,0.000,12
1753364872084,1753364872084,1753364872084,EURUSD,bid,1.17646,50000.0,0.000,12
1753364872084,1753364872084,1753364872084,EURUSD,bid,1.17636,200000.0,0.000,12
1753364872084,1753364872084,1753364872084,EURUSD,ask,1.17664,200000.0,0.000,12
1753364872284,1753364872284,1753364872284,EURUSD,ask,1.17655,30000.0,0.000,12
1753364872284,1753364872284,1753364872284,EURUSD,ask,1.17659,100000.0,0.000,12
1753364872284,1753364872284,1753364872284,EURUSD,ask,1.17656,50000.0,0.000,12
1753364872284,1753364872284,1753364872284,EURUSD,ask,1.17654,15000.0,0.000,12
1753364872284,1753364872284,1753364872284,EURUSD,ask,1.17652,1000.0,0.000,12
1753364872284,1753364872284,1753364872284,EURUSD,ask,1.17665,200000.0,0.000,12
1753364872284,1753364872284,1753364872284,EURUSD,bid,1.17652,1000.0,0.000,12
1753364872284,1753364872284,1753364872284,EURUSD,bid,1.17648,30000.0,0.000,12
1753364872284,1753364872284,1753364872284,EURUSD,bid,1.17651,15000.0,0.000,12
1753364872284,1753364872284,1753364872284,EURUSD,bid,1.17637,200000.0,0.000,12
1753364872284,1753364872284,1753364872284,EURUSD,bid,1.17647,50000.0,0.000,12
1753364872284,1753364872284,1753364872284,EURUSD,bid,1.17644,100000.0,0.000,12
1753364872691,1753364872691,1753364872691,EURUSD,ask,1.17654,50000.0,0.000,12
1753364872691,1753364872691,1753364872691,EURUSD,ask,1.17653,30000.0,0.000,12
1753364872691,1753364872691,1753364872691,EURUSD,ask,1.17657,100000.0,0.000,12
1753364872691,1753364872691,1753364872691,EURUSD,ask,1.17650,1000.0,0.000,12
1753364872691,1753364872691,1753364872691,EURUSD,ask,1.17652,15000.0,0.000,12
1753364872691,1753364872691,1753364872691,EURUSD,ask,1.17663,200000.0,0.000,12
1753364872691,1753364872691,1753364872691,EURUSD,bid,1.17643,100000.0,0.000,12
1753364872691,1753364872691,1753364872691,EURUSD,bid,1.17649,15000.0,0.000,12
1753364872691,1753364872691,1753364872691,EURUSD,bid,1.17650,1000.0,0.000,12
1753364872691,1753364872691,1753364872691,EURUSD,bid,1.17646,50000.0,0.000,12
1753364872691,1753364872691,1753364872691,EURUSD,bid,1.17647,30000.0,0.000,12
1753364872691,1753364872691,1753364872691,EURUSD,bid,1.17636,200000.0,0.000,12
1753364872882,1753364872882,1753364872882,EURUSD,ask,1.17654,50000.0,0.000,12
1753364872882,1753364872882,1753364872882,EURUSD,ask,1.17653,30000.0,0.000,12
1753364872882,1753364872882,1753364872882,EURUSD,ask,1.17657,100000.0,0.000,12
1753364872882,1753364872882,1753364872882,EURUSD,ask,1.17650,1000.0,0.000,12
1753364872882,1753364872882,1753364872882,EURUSD,ask,1.17652,15000.0,0.000,12
1753364872882,1753364872882,1753364872882,EURUSD,ask,1.17663,200000.0,0.000,12
1753364872882,1753364872882,1753364872882,EURUSD,bid,1.17643,100000.0,0.000,12
1753364872882,1753364872882,1753364872882,EURUSD,bid,1.17649,15000.0,0.000,12
1753364872882,1753364872882,1753364872882,EURUSD,bid,1.17650,1000.0,0.000,12
1753364872882,1753364872882,1753364872882,EURUSD,bid,1.17646,50000.0,0.000,12
1753364872882,1753364872882,1753364872882,EURUSD,bid,1.17647,30000.0,0.000,12
1753364872882,1753364872882,1753364872882,EURUSD,bid,1.17637,200000.0,0.000,12
1753364873292,1753364873292,1753364873292,EURUSD,ask,1.17652,1000.0,0.000,12
1753364873292,1753364873292,1753364873292,EURUSD,ask,1.17659,100000.0,0.000,12
1753364873292,1753364873292,1753364873292,EURUSD,ask,1.17654,15000.0,0.000,12
1753364873292,1753364873292,1753364873292,EURUSD,ask,1.17657,50000.0,0.000,12
1753364873292,1753364873292,1753364873292,EURUSD,ask,1.17656,30000.0,0.000,12
1753364873292,1753364873292,1753364873292,EURUSD,ask,1.17666,200000.0,0.000,12
1753364873292,1753364873292,1753364873292,EURUSD,bid,1.17651,15000.0,0.000,12
1753364873292,1753364873292,1753364873292,EURUSD,bid,1.17649,30000.0,0.000,12
1753364873292,1753364873292,1753364873292,EURUSD,bid,1.17648,50000.0,0.000,12
1753364873292,1753364873292,1753364873292,EURUSD,bid,1.17638,200000.0,0.000,12
1753364873292,1753364873292,1753364873292,EURUSD,bid,1.17645,100000.0,0.000,12
1753364873292,1753364873292,1753364873292,EURUSD,bid,1.17652,1000.0,0.000,12
1753364873677,1753364873677,1753364873677,EURUSD,ask,1.17652,1000.0,0.000,12
1753364873677,1753364873677,1753364873677,EURUSD,ask,1.17659,100000.0,0.000,12
1753364873677,1753364873677,1753364873677,EURUSD,ask,1.17654,15000.0,0.000,12
1753364873677,1753364873677,1753364873677,EURUSD,bid,1.17651,15000.0,0.000,12
1753364873677,1753364873677,1753364873677,EURUSD,bid,1.17649,30000.0,0.000,12
1753364873677,1753364873677,1753364873677,EURUSD,bid,1.17648,50000.0,0.000,12
1753364873677,1753364873677,1753364873677,EURUSD,bid,1.17638,200000.0,0.000,12
1753364873677,1753364873677,1753364873677,EURUSD,bid,1.17645,100000.0,0.000,12
1753364873677,1753364873677,1753364873677,EURUSD,bid,1.17652,1000.0,0.000,12
1753364873677,1753364873677,1753364873677,EURUSD,ask,1.17655,30000.0,0.000,12
1753364873677,1753364873677,1753364873677,EURUSD,ask,1.17656,50000.0,0.000,12
1753364873677,1753364873677,1753364873677,EURUSD,ask,1.17665,200000.0,0.000,12
1753364874492,1753364874492,1753364874493,EURUSD,ask,1.17659,100000.0,1.000,12
1753364874492,1753364874492,1753364874493,EURUSD,ask,1.17655,30000.0,1.000,12
1753364874492,1753364874492,1753364874493,EURUSD,ask,1.17656,50000.0,1.000,12
1753364874492,1753364874492,1753364874493,EURUSD,ask,1.17666,200000.0,1.000,12
1753364874492,1753364874492,1753364874493,EURUSD,ask,1.17653,15000.0,1.000,12
1753364874492,1753364874492,1753364874493,EURUSD,ask,1.17651,1000.0,1.000,12
1753364874492,1753364874492,1753364874493,EURUSD,bid,1.17647,50000.0,1.000,12
1753364874492,1753364874492,1753364874493,EURUSD,bid,1.17650,15000.0,1.000,12
1753364874492,1753364874492,1753364874493,EURUSD,bid,1.17651,1000.0,1.000,12
1753364874492,1753364874492,1753364874493,EURUSD,bid,1.17644,100000.0,1.000,12
1753364874492,1753364874492,1753364874493,EURUSD,bid,1.17637,200000.0,1.000,12
1753364874492,1753364874492,1753364874493,EURUSD,bid,1.17648,30000.0,1.000,12
1753366526989,1753366526989,1753366526990,EURUSD,ask,1.17865,1000.0,1.000,12
1753366526989,1753366526989,1753366526990,EURUSD,ask,1.17870,50000.0,1.000,12
1753366526989,1753366526989,1753366526990,EURUSD,ask,1.17868,30000.0,1.000,12
1753366526989,1753366526989,1753366526990,EURUSD,ask,1.17879,200000.0,1.000,12
1753366526989,1753366526989,1753366526990,EURUSD,ask,1.17866,15000.0,1.000,12
1753366526989,1753366526989,1753366526990,EURUSD,ask,1.17873,100000.0,1.000,12
1753366526989,1753366526989,1753366526990,EURUSD,bid,1.17864,1000.0,1.000,12
1753366526989,1753366526989,1753366526990,EURUSD,bid,1.17858,100000.0,1.000,12
1753366526989,1753366526989,1753366526990,EURUSD,bid,1.17863,15000.0,1.000,12
1753366526989,1753366526989,1753366526990,EURUSD,bid,1.17852,200000.0,1.000,12
1753366526989,1753366526989,1753366526990,EURUSD,bid,1.17860,50000.0,1.000,12
1753366526989,1753366526989,1753366526990,EURUSD,bid,1.17861,30000.0,1.000,12
1753366527088,1753366527088,1753366527089,EURUSD,ask,1.17868,30000.0,1.000,12
1753366527088,1753366527088,1753366527089,EURUSD,ask,1.17869,50000.0,1.000,12
1753366527088,1753366527088,1753366527089,EURUSD,ask,1.17863,1000.0,1.000,12
1753366527088,1753366527088,1753366527089,EURUSD,ask,1.17878,200000.0,1.000,12
1753366527088,1753366527088,1753366527089,EURUSD,ask,1.17865,15000.0,1.000,12
1753366527088,1753366527088,1753366527089,EURUSD,ask,1.17872,100000.0,1.000,12
1753366527088,1753366527088,1753366527089,EURUSD,bid,1.17857,100000.0,1.000,12
1753366527088,1753366527088,1753366527089,EURUSD,bid,1.17851,200000.0,1.000,12
1753366527088,1753366527088,1753366527089,EURUSD,bid,1.17863,1000.0,1.000,12
1753366527088,1753366527088,1753366527089,EURUSD,bid,1.17859,50000.0,1.000,12
1753366527088,1753366527088,1753366527089,EURUSD,bid,1.17860,30000.0,1.000,12
1753366527088,1753366527088,1753366527089,EURUSD,bid,1.17862,15000.0,1.000,12
