source_timestamp_ms,received_timestamp_ms,log_timestamp_ms,symbol,side,price,volume,latency_ms,total_quotes
1753273654527,1753273654527,1753273654527,GBPUSD,ask,1.35365,30000.0,0.000,14
1753273654527,1753273654527,1753273654527,GBPUSD,ask,1.35362,10000.0,0.000,14
1753273654527,1753273654527,1753273654527,GBPUSD,ask,1.35359,1000.0,0.000,14
1753273654527,1753273654527,1753273654527,GBPUSD,ask,1.35372,100000.0,0.000,14
1753273654527,1753273654527,1753273654527,GBPUSD,ask,1.35366,50000.0,0.000,14
1753273654527,1753273654527,1753273654527,GBPUSD,ask,1.35361,5000.0,0.000,14
1753273654527,1753273654527,1753273654527,GBPUSD,ask,1.35381,200000.0,0.000,14
1753273654527,1753273654527,1753273654527,GBPUSD,bid,1.35347,100000.0,0.000,14
1753273654527,1753273654527,1753273654527,GBPUSD,bid,1.35338,200000.0,0.000,14
1753273654527,1753273654527,1753273654527,GBPUSD,bid,1.35358,1000.0,0.000,14
1753273654527,1753273654527,1753273654527,GBPUSD,bid,1.35352,30000.0,0.000,14
1753273654527,1753273654527,1753273654527,GBPUSD,bid,1.35355,10000.0,0.000,14
1753273654527,1753273654527,1753273654527,GBPUSD,bid,1.35356,5000.0,0.000,14
1753273654527,1753273654527,1753273654527,GBPUSD,bid,1.35351,50000.0,0.000,14
1753273655292,1753273655292,1753273655292,GBPUSD,bid,1.35338,200000.0,0.000,14
1753273655292,1753273655292,1753273655292,GBPUSD,ask,1.35383,200000.0,0.000,14
1753273655292,1753273655292,1753273655292,GBPUSD,ask,1.35366,30000.0,0.000,14
1753273655292,1753273655292,1753273655292,GBPUSD,ask,1.35367,50000.0,0.000,14
1753273655292,1753273655292,1753273655292,GBPUSD,ask,1.35360,1000.0,0.000,14
1753273655292,1753273655292,1753273655292,GBPUSD,ask,1.35363,10000.0,0.000,14
1753273655292,1753273655292,1753273655292,GBPUSD,ask,1.35362,5000.0,0.000,14
1753273655292,1753273655292,1753273655292,GBPUSD,ask,1.35373,100000.0,0.000,14
1753273655292,1753273655292,1753273655292,GBPUSD,bid,1.35357,5000.0,0.000,14
1753273655292,1753273655292,1753273655292,GBPUSD,bid,1.35359,1000.0,0.000,14
1753273655292,1753273655292,1753273655292,GBPUSD,bid,1.35348,100000.0,0.000,14
1753273655292,1753273655292,1753273655292,GBPUSD,bid,1.35353,30000.0,0.000,14
1753273655292,1753273655292,1753273655292,GBPUSD,bid,1.35352,50000.0,0.000,14
1753273655292,1753273655292,1753273655292,GBPUSD,bid,1.35356,10000.0,0.000,14
1753273655899,1753273655899,1753273655899,GBPUSD,ask,1.35362,10000.0,0.000,14
1753273655899,1753273655899,1753273655899,GBPUSD,ask,1.35366,50000.0,0.000,14
1753273655899,1753273655899,1753273655899,GBPUSD,ask,1.35372,100000.0,0.000,14
1753273655899,1753273655899,1753273655899,GBPUSD,ask,1.35361,5000.0,0.000,14
1753273655899,1753273655899,1753273655899,GBPUSD,ask,1.35365,30000.0,0.000,14
1753273655899,1753273655899,1753273655899,GBPUSD,ask,1.35359,1000.0,0.000,14
1753273655899,1753273655899,1753273655899,GBPUSD,ask,1.35381,200000.0,0.000,14
1753273655899,1753273655899,1753273655899,GBPUSD,bid,1.35358,1000.0,0.000,14
1753273655899,1753273655899,1753273655899,GBPUSD,bid,1.35350,50000.0,0.000,14
1753273655899,1753273655899,1753273655899,GBPUSD,bid,1.35346,100000.0,0.000,14
1753273655899,1753273655899,1753273655899,GBPUSD,bid,1.35352,30000.0,0.000,14
1753273655899,1753273655899,1753273655899,GBPUSD,bid,1.35337,200000.0,0.000,14
1753273655899,1753273655899,1753273655899,GBPUSD,bid,1.35355,10000.0,0.000,14
1753273655899,1753273655899,1753273655899,GBPUSD,bid,1.35356,5000.0,0.000,14
1753273656067,1753273656067,1753273656067,GBPUSD,bid,1.35350,50000.0,0.000,14
1753273656067,1753273656067,1753273656067,GBPUSD,bid,1.35346,100000.0,0.000,14
1753273656067,1753273656067,1753273656067,GBPUSD,ask,1.35363,30000.0,0.000,14
1753273656067,1753273656067,1753273656067,GBPUSD,ask,1.35370,100000.0,0.000,14
1753273656067,1753273656067,1753273656067,GBPUSD,ask,1.35365,50000.0,0.000,14
1753273656067,1753273656067,1753273656067,GBPUSD,ask,1.35361,10000.0,0.000,14
1753273656067,1753273656067,1753273656067,GBPUSD,ask,1.35358,1000.0,0.000,14
1753273656067,1753273656067,1753273656067,GBPUSD,ask,1.35360,5000.0,0.000,14
1753273656067,1753273656067,1753273656067,GBPUSD,ask,1.35379,200000.0,0.000,14
1753273656067,1753273656067,1753273656067,GBPUSD,bid,1.35357,1000.0,0.000,14
1753273656067,1753273656067,1753273656067,GBPUSD,bid,1.35351,30000.0,0.000,14
1753273656067,1753273656067,1753273656067,GBPUSD,bid,1.35336,200000.0,0.000,14
1753273656067,1753273656067,1753273656067,GBPUSD,bid,1.35355,5000.0,0.000,14
1753273656067,1753273656067,1753273656067,GBPUSD,bid,1.35354,10000.0,0.000,14
1753273656291,1753273656291,1753273656291,GBPUSD,bid,1.35350,50000.0,0.000,14
1753273656291,1753273656291,1753273656291,GBPUSD,bid,1.35346,100000.0,0.000,14
1753273656291,1753273656291,1753273656291,GBPUSD,ask,1.35362,10000.0,0.000,14
1753273656291,1753273656291,1753273656291,GBPUSD,ask,1.35359,1000.0,0.000,14
1753273656291,1753273656291,1753273656291,GBPUSD,ask,1.35366,50000.0,0.000,14
1753273656291,1753273656291,1753273656291,GBPUSD,ask,1.35361,5000.0,0.000,14
1753273656291,1753273656291,1753273656291,GBPUSD,ask,1.35365,30000.0,0.000,14
1753273656291,1753273656291,1753273656291,GBPUSD,ask,1.35372,100000.0,0.000,14
1753273656291,1753273656291,1753273656291,GBPUSD,ask,1.35382,200000.0,0.000,14
1753273656291,1753273656291,1753273656291,GBPUSD,bid,1.35352,30000.0,0.000,14
1753273656291,1753273656291,1753273656291,GBPUSD,bid,1.35337,200000.0,0.000,14
1753273656291,1753273656291,1753273656291,GBPUSD,bid,1.35356,5000.0,0.000,14
1753273656291,1753273656291,1753273656291,GBPUSD,bid,1.35358,1000.0,0.000,14
1753273656291,1753273656291,1753273656291,GBPUSD,bid,1.35355,10000.0,0.000,14
1753273656488,1753273656488,1753273656488,GBPUSD,ask,1.35362,10000.0,0.000,14
1753273656488,1753273656488,1753273656488,GBPUSD,ask,1.35359,1000.0,0.000,14
1753273656488,1753273656488,1753273656488,GBPUSD,ask,1.35366,50000.0,0.000,14
1753273656488,1753273656488,1753273656488,GBPUSD,ask,1.35361,5000.0,0.000,14
1753273656488,1753273656488,1753273656488,GBPUSD,ask,1.35365,30000.0,0.000,14
1753273656488,1753273656488,1753273656488,GBPUSD,ask,1.35372,100000.0,0.000,14
1753273656488,1753273656488,1753273656488,GBPUSD,ask,1.35382,200000.0,0.000,14
1753273656488,1753273656488,1753273656488,GBPUSD,bid,1.35352,30000.0,0.000,14
1753273656488,1753273656488,1753273656488,GBPUSD,bid,1.35337,200000.0,0.000,14
1753273656488,1753273656488,1753273656488,GBPUSD,bid,1.35356,5000.0,0.000,14
1753273656488,1753273656488,1753273656488,GBPUSD,bid,1.35358,1000.0,0.000,14
1753273656488,1753273656488,1753273656488,GBPUSD,bid,1.35355,10000.0,0.000,14
1753273656488,1753273656488,1753273656488,GBPUSD,bid,1.35351,50000.0,0.000,14
1753273656488,1753273656488,1753273656488,GBPUSD,bid,1.35347,100000.0,0.000,14
1753273656694,1753273656694,1753273656694,GBPUSD,ask,1.35359,1000.0,0.000,14
1753273656694,1753273656694,1753273656694,GBPUSD,ask,1.35361,5000.0,0.000,14
1753273656694,1753273656694,1753273656694,GBPUSD,ask,1.35365,30000.0,0.000,14
1753273656694,1753273656694,1753273656694,GBPUSD,bid,1.35352,30000.0,0.000,14
1753273656694,1753273656694,1753273656694,GBPUSD,bid,1.35356,5000.0,0.000,14
1753273656694,1753273656694,1753273656694,GBPUSD,bid,1.35358,1000.0,0.000,14
1753273656694,1753273656694,1753273656694,GBPUSD,bid,1.35355,10000.0,0.000,14
1753273656694,1753273656694,1753273656694,GBPUSD,bid,1.35351,50000.0,0.000,14
1753273656694,1753273656694,1753273656694,GBPUSD,bid,1.35347,100000.0,0.000,14
1753273656694,1753273656694,1753273656694,GBPUSD,ask,1.35373,100000.0,0.000,14
1753273656694,1753273656694,1753273656694,GBPUSD,ask,1.35363,10000.0,0.000,14
1753273656694,1753273656694,1753273656694,GBPUSD,ask,1.35367,50000.0,0.000,14
1753273656694,1753273656694,1753273656694,GBPUSD,ask,1.35383,200000.0,0.000,14
1753273656694,1753273656694,1753273656694,GBPUSD,bid,1.35338,200000.0,0.000,14
1753273656886,1753273656886,1753273656887,GBPUSD,ask,1.35374,100000.0,1.000,14
1753273656886,1753273656886,1753273656887,GBPUSD,ask,1.35360,1000.0,1.000,14
1753273656886,1753273656886,1753273656887,GBPUSD,ask,1.35384,200000.0,1.000,14
1753273656886,1753273656886,1753273656887,GBPUSD,ask,1.35368,50000.0,1.000,14
1753273656886,1753273656886,1753273656887,GBPUSD,ask,1.35366,30000.0,1.000,14
1753273656886,1753273656886,1753273656887,GBPUSD,ask,1.35362,5000.0,1.000,14
1753273656886,1753273656886,1753273656887,GBPUSD,ask,1.35364,10000.0,1.000,14
1753273656886,1753273656886,1753273656887,GBPUSD,bid,1.35356,10000.0,1.000,14
1753273656886,1753273656886,1753273656887,GBPUSD,bid,1.35357,5000.0,1.000,14
1753273656886,1753273656886,1753273656887,GBPUSD,bid,1.35352,50000.0,1.000,14
1753273656886,1753273656886,1753273656887,GBPUSD,bid,1.35353,30000.0,1.000,14
1753273656886,1753273656886,1753273656887,GBPUSD,bid,1.35339,200000.0,1.000,14
1753273656886,1753273656886,1753273656887,GBPUSD,bid,1.35348,100000.0,1.000,14
1753273656886,1753273656886,1753273656887,GBPUSD,bid,1.35359,1000.0,1.000,14
1753273660681,1753273660681,1753273660681,GBPUSD,ask,1.35360,1000.0,0.000,14
1753273660681,1753273660681,1753273660681,GBPUSD,ask,1.35366,30000.0,0.000,14
1753273660681,1753273660681,1753273660681,GBPUSD,ask,1.35362,5000.0,0.000,14
1753273660681,1753273660681,1753273660681,GBPUSD,bid,1.35356,10000.0,0.000,14
1753273660681,1753273660681,1753273660681,GBPUSD,bid,1.35357,5000.0,0.000,14
1753273660681,1753273660681,1753273660681,GBPUSD,bid,1.35352,50000.0,0.000,14
1753273660681,1753273660681,1753273660681,GBPUSD,bid,1.35353,30000.0,0.000,14
1753273660681,1753273660681,1753273660681,GBPUSD,bid,1.35348,100000.0,0.000,14
1753273660681,1753273660681,1753273660681,GBPUSD,bid,1.35359,1000.0,0.000,14
1753273660681,1753273660681,1753273660681,GBPUSD,ask,1.35383,200000.0,0.000,14
1753273660681,1753273660681,1753273660681,GBPUSD,ask,1.35363,10000.0,0.000,14
1753273660681,1753273660681,1753273660681,GBPUSD,ask,1.35373,100000.0,0.000,14
1753273660681,1753273660681,1753273660681,GBPUSD,ask,1.35367,50000.0,0.000,14
1753273660681,1753273660681,1753273660681,GBPUSD,bid,1.35338,200000.0,0.000,14
1753273660888,1753273660888,1753273660888,GBPUSD,ask,1.35360,1000.0,0.000,14
1753273660888,1753273660888,1753273660888,GBPUSD,ask,1.35366,30000.0,0.000,14
1753273660888,1753273660888,1753273660888,GBPUSD,ask,1.35362,5000.0,0.000,14
1753273660888,1753273660888,1753273660888,GBPUSD,bid,1.35356,10000.0,0.000,14
1753273660888,1753273660888,1753273660888,GBPUSD,bid,1.35357,5000.0,0.000,14
1753273660888,1753273660888,1753273660888,GBPUSD,bid,1.35353,30000.0,0.000,14
1753273660888,1753273660888,1753273660888,GBPUSD,bid,1.35359,1000.0,0.000,14
1753273660888,1753273660888,1753273660888,GBPUSD,ask,1.35383,200000.0,0.000,14
1753273660888,1753273660888,1753273660888,GBPUSD,ask,1.35363,10000.0,0.000,14
1753273660888,1753273660888,1753273660888,GBPUSD,ask,1.35373,100000.0,0.000,14
1753273660888,1753273660888,1753273660888,GBPUSD,ask,1.35367,50000.0,0.000,14
1753273660888,1753273660888,1753273660888,GBPUSD,bid,1.35337,200000.0,0.000,14
1753273660888,1753273660888,1753273660888,GBPUSD,bid,1.35347,100000.0,0.000,14
1753273660888,1753273660888,1753273660888,GBPUSD,bid,1.35351,50000.0,0.000,14
1753273661292,1753273661292,1753273661293,GBPUSD,ask,1.35360,1000.0,1.000,14
1753273661292,1753273661292,1753273661293,GBPUSD,ask,1.35366,30000.0,1.000,14
1753273661292,1753273661292,1753273661293,GBPUSD,ask,1.35362,5000.0,1.000,14
1753273661292,1753273661292,1753273661293,GBPUSD,bid,1.35356,10000.0,1.000,14
1753273661292,1753273661292,1753273661293,GBPUSD,bid,1.35357,5000.0,1.000,14
1753273661292,1753273661292,1753273661293,GBPUSD,bid,1.35353,30000.0,1.000,14
1753273661292,1753273661292,1753273661293,GBPUSD,bid,1.35359,1000.0,1.000,14
1753273661292,1753273661292,1753273661293,GBPUSD,ask,1.35383,200000.0,1.000,14
1753273661292,1753273661292,1753273661293,GBPUSD,ask,1.35363,10000.0,1.000,14
1753273661292,1753273661292,1753273661293,GBPUSD,ask,1.35373,100000.0,1.000,14
1753273661292,1753273661292,1753273661293,GBPUSD,ask,1.35367,50000.0,1.000,14
1753273661292,1753273661292,1753273661293,GBPUSD,bid,1.35347,100000.0,1.000,14
1753273661292,1753273661292,1753273661293,GBPUSD,bid,1.35351,50000.0,1.000,14
1753273661292,1753273661292,1753273661293,GBPUSD,bid,1.35338,200000.0,1.000,14
1753273662497,1753273662497,1753273662497,GBPUSD,ask,1.35362,10000.0,0.000,14
1753273662497,1753273662497,1753273662497,GBPUSD,ask,1.35366,50000.0,0.000,14
1753273662497,1753273662497,1753273662497,GBPUSD,ask,1.35365,30000.0,0.000,14
1753273662497,1753273662497,1753273662497,GBPUSD,ask,1.35372,100000.0,0.000,14
1753273662497,1753273662497,1753273662497,GBPUSD,ask,1.35359,1000.0,0.000,14
1753273662497,1753273662497,1753273662497,GBPUSD,ask,1.35361,5000.0,0.000,14
1753273662497,1753273662497,1753273662497,GBPUSD,ask,1.35381,200000.0,0.000,14
1753273662497,1753273662497,1753273662497,GBPUSD,bid,1.35336,200000.0,0.000,14
1753273662497,1753273662497,1753273662497,GBPUSD,bid,1.35356,5000.0,0.000,14
1753273662497,1753273662497,1753273662497,GBPUSD,bid,1.35350,50000.0,0.000,14
1753273662497,1753273662497,1753273662497,GBPUSD,bid,1.35352,30000.0,0.000,14
1753273662497,1753273662497,1753273662497,GBPUSD,bid,1.35346,100000.0,0.000,14
1753273662497,1753273662497,1753273662497,GBPUSD,bid,1.35358,1000.0,0.000,14
1753273662497,1753273662497,1753273662497,GBPUSD,bid,1.35355,10000.0,0.000,14
1753273662686,1753273662686,1753273662686,GBPUSD,ask,1.35362,10000.0,0.000,14
1753273662686,1753273662686,1753273662686,GBPUSD,ask,1.35366,50000.0,0.000,14
1753273662686,1753273662686,1753273662686,GBPUSD,ask,1.35359,1000.0,0.000,14
1753273662686,1753273662686,1753273662686,GBPUSD,ask,1.35361,5000.0,0.000,14
1753273662686,1753273662686,1753273662686,GBPUSD,ask,1.35381,200000.0,0.000,14
1753273662686,1753273662686,1753273662686,GBPUSD,bid,1.35356,5000.0,0.000,14
1753273662686,1753273662686,1753273662686,GBPUSD,bid,1.35350,50000.0,0.000,14
1753273662686,1753273662686,1753273662686,GBPUSD,bid,1.35352,30000.0,0.000,14
1753273662686,1753273662686,1753273662686,GBPUSD,bid,1.35346,100000.0,0.000,14
1753273662686,1753273662686,1753273662686,GBPUSD,bid,1.35358,1000.0,0.000,14
1753273662686,1753273662686,1753273662686,GBPUSD,bid,1.35355,10000.0,0.000,14
1753273662686,1753273662686,1753273662686,GBPUSD,ask,1.35364,30000.0,0.000,14
1753273662686,1753273662686,1753273662686,GBPUSD,ask,1.35371,100000.0,0.000,14
1753273662686,1753273662686,1753273662686,GBPUSD,bid,1.35337,200000.0,0.000,14
1753273662880,1753273662880,1753273662880,GBPUSD,ask,1.35362,10000.0,0.000,14
1753273662880,1753273662880,1753273662880,GBPUSD,ask,1.35366,50000.0,0.000,14
1753273662880,1753273662880,1753273662880,GBPUSD,ask,1.35359,1000.0,0.000,14
1753273662880,1753273662880,1753273662880,GBPUSD,ask,1.35361,5000.0,0.000,14
1753273662880,1753273662880,1753273662880,GBPUSD,bid,1.35356,5000.0,0.000,14
1753273662880,1753273662880,1753273662880,GBPUSD,bid,1.35350,50000.0,0.000,14
1753273662880,1753273662880,1753273662880,GBPUSD,bid,1.35352,30000.0,0.000,14
1753273662880,1753273662880,1753273662880,GBPUSD,bid,1.35346,100000.0,0.000,14
1753273662880,1753273662880,1753273662880,GBPUSD,bid,1.35358,1000.0,0.000,14
1753273662880,1753273662880,1753273662880,GBPUSD,bid,1.35355,10000.0,0.000,14
1753273662880,1753273662880,1753273662880,GBPUSD,ask,1.35364,30000.0,0.000,14
1753273662880,1753273662880,1753273662880,GBPUSD,ask,1.35371,100000.0,0.000,14
1753273662880,1753273662880,1753273662880,GBPUSD,bid,1.35337,200000.0,0.000,14
1753273662880,1753273662880,1753273662880,GBPUSD,ask,1.35380,200000.0,0.000,14
1753273663291,1753273663291,1753273663291,GBPUSD,ask,1.35362,10000.0,0.000,14
1753273663291,1753273663291,1753273663291,GBPUSD,ask,1.35366,50000.0,0.000,14
1753273663291,1753273663291,1753273663291,GBPUSD,ask,1.35359,1000.0,0.000,14
1753273663291,1753273663291,1753273663291,GBPUSD,ask,1.35361,5000.0,0.000,14
1753273663291,1753273663291,1753273663291,GBPUSD,bid,1.35356,5000.0,0.000,14
1753273663291,1753273663291,1753273663291,GBPUSD,bid,1.35350,50000.0,0.000,14
1753273663291,1753273663291,1753273663291,GBPUSD,bid,1.35352,30000.0,0.000,14
1753273663291,1753273663291,1753273663291,GBPUSD,bid,1.35346,100000.0,0.000,14
1753273663291,1753273663291,1753273663291,GBPUSD,bid,1.35358,1000.0,0.000,14
1753273663291,1753273663291,1753273663291,GBPUSD,bid,1.35355,10000.0,0.000,14
1753273663291,1753273663291,1753273663291,GBPUSD,ask,1.35364,30000.0,0.000,14
1753273663291,1753273663291,1753273663291,GBPUSD,ask,1.35371,100000.0,0.000,14
1753273663291,1753273663291,1753273663291,GBPUSD,ask,1.35380,200000.0,0.000,14
1753273663291,1753273663291,1753273663291,GBPUSD,bid,1.35336,200000.0,0.000,14
1753273663488,1753273663488,1753273663488,GBPUSD,ask,1.35362,10000.0,0.000,14
1753273663488,1753273663488,1753273663488,GBPUSD,ask,1.35366,50000.0,0.000,14
1753273663488,1753273663488,1753273663488,GBPUSD,ask,1.35359,1000.0,0.000,14
1753273663488,1753273663488,1753273663488,GBPUSD,ask,1.35361,5000.0,0.000,14
1753273663488,1753273663488,1753273663488,GBPUSD,bid,1.35356,5000.0,0.000,14
1753273663488,1753273663488,1753273663488,GBPUSD,bid,1.35350,50000.0,0.000,14
1753273663488,1753273663488,1753273663488,GBPUSD,bid,1.35352,30000.0,0.000,14
1753273663488,1753273663488,1753273663488,GBPUSD,bid,1.35346,100000.0,0.000,14
1753273663488,1753273663488,1753273663488,GBPUSD,bid,1.35358,1000.0,0.000,14
1753273663488,1753273663488,1753273663488,GBPUSD,bid,1.35355,10000.0,0.000,14
1753273663488,1753273663488,1753273663488,GBPUSD,ask,1.35364,30000.0,0.000,14
1753273663488,1753273663488,1753273663488,GBPUSD,ask,1.35371,100000.0,0.000,14
1753273663488,1753273663488,1753273663488,GBPUSD,bid,1.35336,200000.0,0.000,14
1753273663488,1753273663488,1753273663488,GBPUSD,ask,1.35381,200000.0,0.000,14
1753273663688,1753273663688,1753273663688,GBPUSD,ask,1.35379,200000.0,0.000,14
1753273663688,1753273663688,1753273663688,GBPUSD,ask,1.35361,10000.0,0.000,14
1753273663688,1753273663688,1753273663688,GBPUSD,ask,1.35364,50000.0,0.000,14
1753273663688,1753273663688,1753273663688,GBPUSD,ask,1.35358,1000.0,0.000,14
1753273663688,1753273663688,1753273663688,GBPUSD,ask,1.35369,100000.0,0.000,14
1753273663688,1753273663688,1753273663688,GBPUSD,ask,1.35363,30000.0,0.000,14
1753273663688,1753273663688,1753273663688,GBPUSD,ask,1.35360,5000.0,0.000,14
1753273663688,1753273663688,1753273663688,GBPUSD,bid,1.35335,200000.0,0.000,14
1753273663688,1753273663688,1753273663688,GBPUSD,bid,1.35357,1000.0,0.000,14
1753273663688,1753273663688,1753273663688,GBPUSD,bid,1.35349,50000.0,0.000,14
1753273663688,1753273663688,1753273663688,GBPUSD,bid,1.35354,10000.0,0.000,14
1753273663688,1753273663688,1753273663688,GBPUSD,bid,1.35345,100000.0,0.000,14
1753273663688,1753273663688,1753273663688,GBPUSD,bid,1.35355,5000.0,0.000,14
1753273663688,1753273663688,1753273663688,GBPUSD,bid,1.35351,30000.0,0.000,14
1753273663888,1753273663888,1753273663888,GBPUSD,ask,1.35364,50000.0,0.000,14
1753273663888,1753273663888,1753273663888,GBPUSD,ask,1.35369,100000.0,0.000,14
1753273663888,1753273663888,1753273663888,GBPUSD,bid,1.35335,200000.0,0.000,14
1753273663888,1753273663888,1753273663888,GBPUSD,ask,1.35357,1000.0,0.000,14
1753273663888,1753273663888,1753273663888,GBPUSD,ask,1.35378,200000.0,0.000,14
1753273663888,1753273663888,1753273663888,GBPUSD,ask,1.35362,30000.0,0.000,14
1753273663888,1753273663888,1753273663888,GBPUSD,ask,1.35359,5000.0,0.000,14
1753273663888,1753273663888,1753273663888,GBPUSD,ask,1.35360,10000.0,0.000,14
1753273663888,1753273663888,1753273663888,GBPUSD,bid,1.35356,1000.0,0.000,14
1753273663888,1753273663888,1753273663888,GBPUSD,bid,1.35350,30000.0,0.000,14
1753273663888,1753273663888,1753273663888,GBPUSD,bid,1.35353,10000.0,0.000,14
1753273663888,1753273663888,1753273663888,GBPUSD,bid,1.35348,50000.0,0.000,14
1753273663888,1753273663888,1753273663888,GBPUSD,bid,1.35344,100000.0,0.000,14
1753273663888,1753273663888,1753273663888,GBPUSD,bid,1.35354,5000.0,0.000,14
1753273664043,1753273664043,1753273664043,GBPUSD,ask,1.35364,50000.0,0.000,14
1753273664043,1753273664043,1753273664043,GBPUSD,ask,1.35369,100000.0,0.000,14
1753273664043,1753273664043,1753273664043,GBPUSD,bid,1.35335,200000.0,0.000,14
1753273664043,1753273664043,1753273664043,GBPUSD,ask,1.35357,1000.0,0.000,14
1753273664043,1753273664043,1753273664043,GBPUSD,ask,1.35362,30000.0,0.000,14
1753273664043,1753273664043,1753273664043,GBPUSD,ask,1.35359,5000.0,0.000,14
1753273664043,1753273664043,1753273664043,GBPUSD,ask,1.35360,10000.0,0.000,14
1753273664043,1753273664043,1753273664043,GBPUSD,bid,1.35356,1000.0,0.000,14
1753273664043,1753273664043,1753273664043,GBPUSD,bid,1.35350,30000.0,0.000,14
1753273664043,1753273664043,1753273664043,GBPUSD,bid,1.35353,10000.0,0.000,14
1753273664043,1753273664043,1753273664043,GBPUSD,bid,1.35348,50000.0,0.000,14
1753273664043,1753273664043,1753273664043,GBPUSD,bid,1.35344,100000.0,0.000,14
1753273664043,1753273664043,1753273664043,GBPUSD,bid,1.35354,5000.0,0.000,14
1753273664043,1753273664043,1753273664043,GBPUSD,ask,1.35379,200000.0,0.000,14
1753273664886,1753273664886,1753273664886,GBPUSD,ask,1.35364,50000.0,0.000,14
1753273664886,1753273664886,1753273664886,GBPUSD,ask,1.35357,1000.0,0.000,14
1753273664886,1753273664886,1753273664886,GBPUSD,ask,1.35359,5000.0,0.000,14
1753273664886,1753273664886,1753273664886,GBPUSD,ask,1.35360,10000.0,0.000,14
1753273664886,1753273664886,1753273664886,GBPUSD,bid,1.35356,1000.0,0.000,14
1753273664886,1753273664886,1753273664886,GBPUSD,bid,1.35350,30000.0,0.000,14
1753273664886,1753273664886,1753273664886,GBPUSD,bid,1.35353,10000.0,0.000,14
1753273664886,1753273664886,1753273664886,GBPUSD,bid,1.35348,50000.0,0.000,14
1753273664886,1753273664886,1753273664886,GBPUSD,bid,1.35344,100000.0,0.000,14
1753273664886,1753273664886,1753273664886,GBPUSD,bid,1.35354,5000.0,0.000,14
1753273664886,1753273664886,1753273664886,GBPUSD,ask,1.35379,200000.0,0.000,14
1753273664886,1753273664886,1753273664886,GBPUSD,ask,1.35363,30000.0,0.000,14
1753273664886,1753273664886,1753273664886,GBPUSD,ask,1.35370,100000.0,0.000,14
1753273664886,1753273664886,1753273664886,GBPUSD,bid,1.35334,200000.0,0.000,14
1753273665287,1753273665287,1753273665287,GBPUSD,ask,1.35364,50000.0,0.000,14
1753273665287,1753273665287,1753273665287,GBPUSD,ask,1.35357,1000.0,0.000,14
1753273665287,1753273665287,1753273665287,GBPUSD,ask,1.35359,5000.0,0.000,14
1753273665287,1753273665287,1753273665287,GBPUSD,ask,1.35360,10000.0,0.000,14
1753273665287,1753273665287,1753273665287,GBPUSD,bid,1.35356,1000.0,0.000,14
1753273665287,1753273665287,1753273665287,GBPUSD,bid,1.35350,30000.0,0.000,14
1753273665287,1753273665287,1753273665287,GBPUSD,bid,1.35353,10000.0,0.000,14
1753273665287,1753273665287,1753273665287,GBPUSD,bid,1.35348,50000.0,0.000,14
1753273665287,1753273665287,1753273665287,GBPUSD,bid,1.35344,100000.0,0.000,14
1753273665287,1753273665287,1753273665287,GBPUSD,bid,1.35354,5000.0,0.000,14
1753273665287,1753273665287,1753273665287,GBPUSD,ask,1.35363,30000.0,0.000,14
1753273665287,1753273665287,1753273665287,GBPUSD,ask,1.35370,100000.0,0.000,14
1753273665287,1753273665287,1753273665287,GBPUSD,bid,1.35334,200000.0,0.000,14
1753273665287,1753273665287,1753273665287,GBPUSD,ask,1.35380,200000.0,0.000,14
1753273666898,1753273666898,1753273666898,GBPUSD,ask,1.35352,5000.0,0.000,14
1753273666898,1753273666898,1753273666898,GBPUSD,ask,1.35353,10000.0,0.000,14
1753273666898,1753273666898,1753273666898,GBPUSD,ask,1.35362,100000.0,0.000,14
1753273666898,1753273666898,1753273666898,GBPUSD,ask,1.35357,50000.0,0.000,14
1753273666898,1753273666898,1753273666898,GBPUSD,ask,1.35371,200000.0,0.000,14
1753273666898,1753273666898,1753273666898,GBPUSD,ask,1.35355,30000.0,0.000,14
1753273666898,1753273666898,1753273666898,GBPUSD,ask,1.35350,1000.0,0.000,14
1753273666898,1753273666898,1753273666898,GBPUSD,bid,1.35328,200000.0,0.000,14
1753273666898,1753273666898,1753273666898,GBPUSD,bid,1.35338,100000.0,0.000,14
1753273666898,1753273666898,1753273666898,GBPUSD,bid,1.35343,30000.0,0.000,14
1753273666898,1753273666898,1753273666898,GBPUSD,bid,1.35347,5000.0,0.000,14
1753273666898,1753273666898,1753273666898,GBPUSD,bid,1.35342,50000.0,0.000,14
1753273666898,1753273666898,1753273666898,GBPUSD,bid,1.35349,1000.0,0.000,14
1753273666898,1753273666898,1753273666898,GBPUSD,bid,1.35346,10000.0,0.000,14
1753273667285,1753273667285,1753273667285,GBPUSD,ask,1.35358,50000.0,0.000,14
1753273667285,1753273667285,1753273667285,GBPUSD,ask,1.35363,100000.0,0.000,14
1753273667285,1753273667285,1753273667285,GBPUSD,ask,1.35351,1000.0,0.000,14
1753273667285,1753273667285,1753273667285,GBPUSD,ask,1.35353,5000.0,0.000,14
1753273667285,1753273667285,1753273667285,GBPUSD,ask,1.35354,10000.0,0.000,14
1753273667285,1753273667285,1753273667285,GBPUSD,ask,1.35373,200000.0,0.000,14
1753273667285,1753273667285,1753273667285,GBPUSD,ask,1.35356,30000.0,0.000,14
1753273667285,1753273667285,1753273667285,GBPUSD,bid,1.35343,50000.0,0.000,14
1753273667285,1753273667285,1753273667285,GBPUSD,bid,1.35347,10000.0,0.000,14
1753273667285,1753273667285,1753273667285,GBPUSD,bid,1.35348,5000.0,0.000,14
1753273667285,1753273667285,1753273667285,GBPUSD,bid,1.35350,1000.0,0.000,14
1753273667285,1753273667285,1753273667285,GBPUSD,bid,1.35339,100000.0,0.000,14
1753273667285,1753273667285,1753273667285,GBPUSD,bid,1.35344,30000.0,0.000,14
1753273667285,1753273667285,1753273667285,GBPUSD,bid,1.35330,200000.0,0.000,14
1753273667496,1753273667496,1753273667496,GBPUSD,ask,1.35361,100000.0,0.000,14
1753273667496,1753273667496,1753273667496,GBPUSD,ask,1.35355,30000.0,0.000,14
1753273667496,1753273667496,1753273667496,GBPUSD,ask,1.35356,50000.0,0.000,14
1753273667496,1753273667496,1753273667496,GBPUSD,ask,1.35352,5000.0,0.000,14
1753273667496,1753273667496,1753273667496,GBPUSD,ask,1.35353,10000.0,0.000,14
1753273667496,1753273667496,1753273667496,GBPUSD,ask,1.35371,200000.0,0.000,14
1753273667496,1753273667496,1753273667496,GBPUSD,ask,1.35350,1000.0,0.000,14
1753273667496,1753273667496,1753273667496,GBPUSD,bid,1.35341,50000.0,0.000,14
1753273667496,1753273667496,1753273667496,GBPUSD,bid,1.35327,200000.0,0.000,14
1753273667496,1753273667496,1753273667496,GBPUSD,bid,1.35349,1000.0,0.000,14
1753273667496,1753273667496,1753273667496,GBPUSD,bid,1.35337,100000.0,0.000,14
1753273667496,1753273667496,1753273667496,GBPUSD,bid,1.35347,5000.0,0.000,14
1753273667496,1753273667496,1753273667496,GBPUSD,bid,1.35343,30000.0,0.000,14
1753273667496,1753273667496,1753273667496,GBPUSD,bid,1.35346,10000.0,0.000,14
1753273667716,1753273667716,1753273667716,GBPUSD,ask,1.35361,100000.0,0.000,14
1753273667716,1753273667716,1753273667716,GBPUSD,ask,1.35356,50000.0,0.000,14
1753273667716,1753273667716,1753273667716,GBPUSD,ask,1.35371,200000.0,0.000,14
1753273667716,1753273667716,1753273667716,GBPUSD,bid,1.35341,50000.0,0.000,14
1753273667716,1753273667716,1753273667716,GBPUSD,bid,1.35327,200000.0,0.000,14
1753273667716,1753273667716,1753273667716,GBPUSD,bid,1.35337,100000.0,0.000,14
1753273667716,1753273667716,1753273667716,GBPUSD,ask,1.35354,30000.0,0.000,14
1753273667716,1753273667716,1753273667716,GBPUSD,ask,1.35351,5000.0,0.000,14
1753273667716,1753273667716,1753273667716,GBPUSD,ask,1.35352,10000.0,0.000,14
1753273667716,1753273667716,1753273667716,GBPUSD,ask,1.35349,1000.0,0.000,14
1753273667716,1753273667716,1753273667716,GBPUSD,bid,1.35345,10000.0,0.000,14
1753273667716,1753273667716,1753273667716,GBPUSD,bid,1.35346,5000.0,0.000,14
1753273667716,1753273667716,1753273667716,GBPUSD,bid,1.35342,30000.0,0.000,14
1753273667716,1753273667716,1753273667716,GBPUSD,bid,1.35348,1000.0,0.000,14
1753273668298,1753273668298,1753273668298,GBPUSD,ask,1.35356,50000.0,0.000,14
1753273668298,1753273668298,1753273668298,GBPUSD,ask,1.35371,200000.0,0.000,14
1753273668298,1753273668298,1753273668298,GBPUSD,bid,1.35341,50000.0,0.000,14
1753273668298,1753273668298,1753273668298,GBPUSD,bid,1.35327,200000.0,0.000,14
1753273668298,1753273668298,1753273668298,GBPUSD,bid,1.35337,100000.0,0.000,14
1753273668298,1753273668298,1753273668298,GBPUSD,ask,1.35351,5000.0,0.000,14
1753273668298,1753273668298,1753273668298,GBPUSD,ask,1.35352,10000.0,0.000,14
1753273668298,1753273668298,1753273668298,GBPUSD,ask,1.35349,1000.0,0.000,14
1753273668298,1753273668298,1753273668298,GBPUSD,bid,1.35345,10000.0,0.000,14
1753273668298,1753273668298,1753273668298,GBPUSD,bid,1.35346,5000.0,0.000,14
1753273668298,1753273668298,1753273668298,GBPUSD,bid,1.35342,30000.0,0.000,14
1753273668298,1753273668298,1753273668298,GBPUSD,bid,1.35348,1000.0,0.000,14
1753273668298,1753273668298,1753273668298,GBPUSD,ask,1.35362,100000.0,0.000,14
1753273668298,1753273668298,1753273668298,GBPUSD,ask,1.35355,30000.0,0.000,14
1753273668490,1753273668490,1753273668490,GBPUSD,ask,1.35356,50000.0,0.000,14
1753273668490,1753273668490,1753273668490,GBPUSD,bid,1.35341,50000.0,0.000,14
1753273668490,1753273668490,1753273668490,GBPUSD,bid,1.35327,200000.0,0.000,14
1753273668490,1753273668490,1753273668490,GBPUSD,bid,1.35337,100000.0,0.000,14
1753273668490,1753273668490,1753273668490,GBPUSD,ask,1.35351,5000.0,0.000,14
1753273668490,1753273668490,1753273668490,GBPUSD,ask,1.35352,10000.0,0.000,14
1753273668490,1753273668490,1753273668490,GBPUSD,ask,1.35349,1000.0,0.000,14
1753273668490,1753273668490,1753273668490,GBPUSD,bid,1.35345,10000.0,0.000,14
1753273668490,1753273668490,1753273668490,GBPUSD,bid,1.35346,5000.0,0.000,14
1753273668490,1753273668490,1753273668490,GBPUSD,bid,1.35342,30000.0,0.000,14
1753273668490,1753273668490,1753273668490,GBPUSD,bid,1.35348,1000.0,0.000,14
1753273668490,1753273668490,1753273668490,GBPUSD,ask,1.35362,100000.0,0.000,14
1753273668490,1753273668490,1753273668490,GBPUSD,ask,1.35355,30000.0,0.000,14
1753273668490,1753273668490,1753273668490,GBPUSD,ask,1.35372,200000.0,0.000,14
1753273669685,1753273669685,1753273669685,GBPUSD,ask,1.35356,50000.0,0.000,14
1753273669685,1753273669685,1753273669685,GBPUSD,bid,1.35327,200000.0,0.000,14
1753273669685,1753273669685,1753273669685,GBPUSD,ask,1.35351,5000.0,0.000,14
1753273669685,1753273669685,1753273669685,GBPUSD,ask,1.35352,10000.0,0.000,14
1753273669685,1753273669685,1753273669685,GBPUSD,ask,1.35349,1000.0,0.000,14
1753273669685,1753273669685,1753273669685,GBPUSD,bid,1.35345,10000.0,0.000,14
1753273669685,1753273669685,1753273669685,GBPUSD,bid,1.35346,5000.0,0.000,14
1753273669685,1753273669685,1753273669685,GBPUSD,bid,1.35342,30000.0,0.000,14
1753273669685,1753273669685,1753273669685,GBPUSD,bid,1.35348,1000.0,0.000,14
1753273669685,1753273669685,1753273669685,GBPUSD,ask,1.35354,30000.0,0.000,14
1753273669685,1753273669685,1753273669685,GBPUSD,ask,1.35361,100000.0,0.000,14
1753273669685,1753273669685,1753273669685,GBPUSD,ask,1.35371,200000.0,0.000,14
1753273669685,1753273669685,1753273669685,GBPUSD,bid,1.35340,50000.0,0.000,14
1753273669685,1753273669685,1753273669685,GBPUSD,bid,1.35336,100000.0,0.000,14
1753273669890,1753273669890,1753273669890,GBPUSD,ask,1.35354,30000.0,0.000,14
1753273669890,1753273669890,1753273669890,GBPUSD,ask,1.35361,100000.0,0.000,14
1753273669890,1753273669890,1753273669890,GBPUSD,ask,1.35371,200000.0,0.000,14
1753273669890,1753273669890,1753273669890,GBPUSD,ask,1.35350,5000.0,0.000,14
1753273669890,1753273669890,1753273669890,GBPUSD,ask,1.35355,50000.0,0.000,14
1753273669890,1753273669890,1753273669890,GBPUSD,ask,1.35351,10000.0,0.000,14
1753273669890,1753273669890,1753273669890,GBPUSD,ask,1.35348,1000.0,0.000,14
1753273669890,1753273669890,1753273669890,GBPUSD,bid,1.35341,30000.0,0.000,14
1753273669890,1753273669890,1753273669890,GBPUSD,bid,1.35345,5000.0,0.000,14
1753273669890,1753273669890,1753273669890,GBPUSD,bid,1.35335,100000.0,0.000,14
1753273669890,1753273669890,1753273669890,GBPUSD,bid,1.35326,200000.0,0.000,14
1753273669890,1753273669890,1753273669890,GBPUSD,bid,1.35339,50000.0,0.000,14
1753273669890,1753273669890,1753273669890,GBPUSD,bid,1.35344,10000.0,0.000,14
1753273669890,1753273669890,1753273669890,GBPUSD,bid,1.35347,1000.0,0.000,14
1753273670289,1753273670289,1753273670289,GBPUSD,ask,1.35354,30000.0,0.000,14
1753273670289,1753273670289,1753273670289,GBPUSD,ask,1.35361,100000.0,0.000,14
1753273670289,1753273670289,1753273670289,GBPUSD,ask,1.35371,200000.0,0.000,14
1753273670289,1753273670289,1753273670289,GBPUSD,ask,1.35350,5000.0,0.000,14
1753273670289,1753273670289,1753273670289,GBPUSD,ask,1.35355,50000.0,0.000,14
1753273670289,1753273670289,1753273670289,GBPUSD,ask,1.35351,10000.0,0.000,14
1753273670289,1753273670289,1753273670289,GBPUSD,ask,1.35348,1000.0,0.000,14
1753273670289,1753273670289,1753273670289,GBPUSD,bid,1.35341,30000.0,0.000,14
1753273670289,1753273670289,1753273670289,GBPUSD,bid,1.35345,5000.0,0.000,14
1753273670289,1753273670289,1753273670289,GBPUSD,bid,1.35326,200000.0,0.000,14
1753273670289,1753273670289,1753273670289,GBPUSD,bid,1.35344,10000.0,0.000,14
1753273670289,1753273670289,1753273670289,GBPUSD,bid,1.35347,1000.0,0.000,14
1753273670289,1753273670289,1753273670289,GBPUSD,bid,1.35340,50000.0,0.000,14
1753273670289,1753273670289,1753273670289,GBPUSD,bid,1.35336,100000.0,0.000,14
1753273670485,1753273670485,1753273670486,GBPUSD,ask,1.35354,30000.0,1.000,14
1753273670485,1753273670485,1753273670486,GBPUSD,ask,1.35350,5000.0,1.000,14
1753273670485,1753273670485,1753273670486,GBPUSD,ask,1.35348,1000.0,1.000,14
1753273670485,1753273670485,1753273670486,GBPUSD,bid,1.35341,30000.0,1.000,14
1753273670485,1753273670485,1753273670486,GBPUSD,bid,1.35345,5000.0,1.000,14
1753273670485,1753273670485,1753273670486,GBPUSD,bid,1.35344,10000.0,1.000,14
1753273670485,1753273670485,1753273670486,GBPUSD,bid,1.35347,1000.0,1.000,14
1753273670485,1753273670485,1753273670486,GBPUSD,bid,1.35340,50000.0,1.000,14
1753273670485,1753273670485,1753273670486,GBPUSD,bid,1.35336,100000.0,1.000,14
1753273670485,1753273670485,1753273670486,GBPUSD,ask,1.35352,10000.0,1.000,14
1753273670485,1753273670485,1753273670486,GBPUSD,ask,1.35356,50000.0,1.000,14
1753273670485,1753273670485,1753273670486,GBPUSD,ask,1.35372,200000.0,1.000,14
1753273670485,1753273670485,1753273670486,GBPUSD,ask,1.35362,100000.0,1.000,14
1753273670485,1753273670485,1753273670486,GBPUSD,bid,1.35327,200000.0,1.000,14
1753273672294,1753273672294,1753273672294,GBPUSD,ask,1.35347,1000.0,0.000,14
1753273672294,1753273672294,1753273672294,GBPUSD,ask,1.35354,50000.0,0.000,14
1753273672294,1753273672294,1753273672294,GBPUSD,ask,1.35350,10000.0,0.000,14
1753273672294,1753273672294,1753273672294,GBPUSD,ask,1.35369,200000.0,0.000,14
1753273672294,1753273672294,1753273672294,GBPUSD,ask,1.35353,30000.0,0.000,14
1753273672294,1753273672294,1753273672294,GBPUSD,ask,1.35360,100000.0,0.000,14
1753273672294,1753273672294,1753273672294,GBPUSD,ask,1.35349,5000.0,0.000,14
1753273672294,1753273672294,1753273672294,GBPUSD,bid,1.35344,5000.0,0.000,14
1753273672294,1753273672294,1753273672294,GBPUSD,bid,1.35343,10000.0,0.000,14
1753273672294,1753273672294,1753273672294,GBPUSD,bid,1.35325,200000.0,0.000,14
1753273672294,1753273672294,1753273672294,GBPUSD,bid,1.35346,1000.0,0.000,14
1753273672294,1753273672294,1753273672294,GBPUSD,bid,1.35340,30000.0,0.000,14
1753273672294,1753273672294,1753273672294,GBPUSD,bid,1.35338,50000.0,0.000,14
1753273672294,1753273672294,1753273672294,GBPUSD,bid,1.35334,100000.0,0.000,14
1753273672696,1753273672696,1753273672696,GBPUSD,ask,1.35354,50000.0,0.000,14
1753273672696,1753273672696,1753273672696,GBPUSD,ask,1.35350,10000.0,0.000,14
1753273672696,1753273672696,1753273672696,GBPUSD,ask,1.35360,100000.0,0.000,14
1753273672696,1753273672696,1753273672696,GBPUSD,bid,1.35325,200000.0,0.000,14
1753273672696,1753273672696,1753273672696,GBPUSD,bid,1.35338,50000.0,0.000,14
1753273672696,1753273672696,1753273672696,GBPUSD,bid,1.35334,100000.0,0.000,14
1753273672696,1753273672696,1753273672696,GBPUSD,ask,1.35370,200000.0,0.000,14
1753273672696,1753273672696,1753273672696,GBPUSD,ask,1.35348,5000.0,0.000,14
1753273672696,1753273672696,1753273672696,GBPUSD,ask,1.35352,30000.0,0.000,14
1753273672696,1753273672696,1753273672696,GBPUSD,ask,1.35346,1000.0,0.000,14
1753273672696,1753273672696,1753273672696,GBPUSD,bid,1.35342,10000.0,0.000,14
1753273672696,1753273672696,1753273672696,GBPUSD,bid,1.35345,1000.0,0.000,14
1753273672696,1753273672696,1753273672696,GBPUSD,bid,1.35343,5000.0,0.000,14
1753273672696,1753273672696,1753273672696,GBPUSD,bid,1.35339,30000.0,0.000,14
1753273672884,1753273672884,1753273672884,GBPUSD,ask,1.35354,50000.0,0.000,14
1753273672884,1753273672884,1753273672884,GBPUSD,ask,1.35350,10000.0,0.000,14
1753273672884,1753273672884,1753273672884,GBPUSD,ask,1.35360,100000.0,0.000,14
1753273672884,1753273672884,1753273672884,GBPUSD,bid,1.35325,200000.0,0.000,14
1753273672884,1753273672884,1753273672884,GBPUSD,bid,1.35338,50000.0,0.000,14
1753273672884,1753273672884,1753273672884,GBPUSD,bid,1.35334,100000.0,0.000,14
1753273672884,1753273672884,1753273672884,GBPUSD,ask,1.35348,5000.0,0.000,14
1753273672884,1753273672884,1753273672884,GBPUSD,ask,1.35352,30000.0,0.000,14
1753273672884,1753273672884,1753273672884,GBPUSD,ask,1.35346,1000.0,0.000,14
1753273672884,1753273672884,1753273672884,GBPUSD,bid,1.35342,10000.0,0.000,14
1753273672884,1753273672884,1753273672884,GBPUSD,bid,1.35345,1000.0,0.000,14
1753273672884,1753273672884,1753273672884,GBPUSD,bid,1.35343,5000.0,0.000,14
1753273672884,1753273672884,1753273672884,GBPUSD,bid,1.35339,30000.0,0.000,14
1753273672884,1753273672884,1753273672884,GBPUSD,ask,1.35371,200000.0,0.000,14
1753273675290,1753273675290,1753273675290,GBPUSD,ask,1.35354,50000.0,0.000,14
1753273675290,1753273675290,1753273675290,GBPUSD,ask,1.35350,10000.0,0.000,14
1753273675290,1753273675290,1753273675290,GBPUSD,bid,1.35325,200000.0,0.000,14
1753273675290,1753273675290,1753273675290,GBPUSD,bid,1.35338,50000.0,0.000,14
1753273675290,1753273675290,1753273675290,GBPUSD,bid,1.35334,100000.0,0.000,14
1753273675290,1753273675290,1753273675290,GBPUSD,ask,1.35348,5000.0,0.000,14
1753273675290,1753273675290,1753273675290,GBPUSD,ask,1.35352,30000.0,0.000,14
1753273675290,1753273675290,1753273675290,GBPUSD,ask,1.35346,1000.0,0.000,14
1753273675290,1753273675290,1753273675290,GBPUSD,bid,1.35342,10000.0,0.000,14
1753273675290,1753273675290,1753273675290,GBPUSD,bid,1.35345,1000.0,0.000,14
1753273675290,1753273675290,1753273675290,GBPUSD,bid,1.35343,5000.0,0.000,14
1753273675290,1753273675290,1753273675290,GBPUSD,bid,1.35339,30000.0,0.000,14
1753273675290,1753273675290,1753273675290,GBPUSD,ask,1.35371,200000.0,0.000,14
1753273675290,1753273675290,1753273675290,GBPUSD,ask,1.35361,100000.0,0.000,14
1753273675686,1753273675686,1753273675686,GBPUSD,ask,1.35354,50000.0,0.000,14
1753273675686,1753273675686,1753273675686,GBPUSD,ask,1.35350,10000.0,0.000,14
1753273675686,1753273675686,1753273675686,GBPUSD,bid,1.35325,200000.0,0.000,14
1753273675686,1753273675686,1753273675686,GBPUSD,bid,1.35338,50000.0,0.000,14
1753273675686,1753273675686,1753273675686,GBPUSD,bid,1.35334,100000.0,0.000,14
1753273675686,1753273675686,1753273675686,GBPUSD,ask,1.35348,5000.0,0.000,14
1753273675686,1753273675686,1753273675686,GBPUSD,ask,1.35352,30000.0,0.000,14
1753273675686,1753273675686,1753273675686,GBPUSD,ask,1.35346,1000.0,0.000,14
1753273675686,1753273675686,1753273675686,GBPUSD,bid,1.35342,10000.0,0.000,14
1753273675686,1753273675686,1753273675686,GBPUSD,bid,1.35345,1000.0,0.000,14
1753273675686,1753273675686,1753273675686,GBPUSD,bid,1.35343,5000.0,0.000,14
1753273675686,1753273675686,1753273675686,GBPUSD,bid,1.35339,30000.0,0.000,14
1753273675686,1753273675686,1753273675686,GBPUSD,ask,1.35371,200000.0,0.000,14
1753273675686,1753273675686,1753273675686,GBPUSD,ask,1.35360,100000.0,0.000,14
1753273676689,1753273676689,1753273676689,GBPUSD,ask,1.35354,50000.0,0.000,14
1753273676689,1753273676689,1753273676689,GBPUSD,ask,1.35350,10000.0,0.000,14
1753273676689,1753273676689,1753273676689,GBPUSD,bid,1.35325,200000.0,0.000,14
1753273676689,1753273676689,1753273676689,GBPUSD,bid,1.35338,50000.0,0.000,14
1753273676689,1753273676689,1753273676689,GBPUSD,bid,1.35334,100000.0,0.000,14
1753273676689,1753273676689,1753273676689,GBPUSD,ask,1.35348,5000.0,0.000,14
1753273676689,1753273676689,1753273676689,GBPUSD,ask,1.35352,30000.0,0.000,14
1753273676689,1753273676689,1753273676689,GBPUSD,ask,1.35346,1000.0,0.000,14
1753273676689,1753273676689,1753273676689,GBPUSD,bid,1.35342,10000.0,0.000,14
1753273676689,1753273676689,1753273676689,GBPUSD,bid,1.35345,1000.0,0.000,14
1753273676689,1753273676689,1753273676689,GBPUSD,bid,1.35343,5000.0,0.000,14
1753273676689,1753273676689,1753273676689,GBPUSD,bid,1.35339,30000.0,0.000,14
1753273676689,1753273676689,1753273676689,GBPUSD,ask,1.35360,100000.0,0.000,14
1753273676689,1753273676689,1753273676689,GBPUSD,ask,1.35370,200000.0,0.000,14
1753273677293,1753273677293,1753273677294,GBPUSD,ask,1.35353,30000.0,1.000,14
1753273677293,1753273677293,1753273677294,GBPUSD,ask,1.35347,1000.0,1.000,14
1753273677293,1753273677293,1753273677294,GBPUSD,ask,1.35355,50000.0,1.000,14
1753273677293,1753273677293,1753273677294,GBPUSD,ask,1.35371,200000.0,1.000,14
1753273677293,1753273677293,1753273677294,GBPUSD,ask,1.35351,10000.0,1.000,14
1753273677293,1753273677293,1753273677294,GBPUSD,ask,1.35361,100000.0,1.000,14
1753273677293,1753273677293,1753273677294,GBPUSD,ask,1.35349,5000.0,1.000,14
1753273677293,1753273677293,1753273677294,GBPUSD,bid,1.35346,1000.0,1.000,14
1753273677293,1753273677293,1753273677294,GBPUSD,bid,1.35343,10000.0,1.000,14
1753273677293,1753273677293,1753273677294,GBPUSD,bid,1.35339,50000.0,1.000,14
1753273677293,1753273677293,1753273677294,GBPUSD,bid,1.35344,5000.0,1.000,14
1753273677293,1753273677293,1753273677294,GBPUSD,bid,1.35326,200000.0,1.000,14
1753273677293,1753273677293,1753273677294,GBPUSD,bid,1.35340,30000.0,1.000,14
1753273677293,1753273677293,1753273677294,GBPUSD,bid,1.35335,100000.0,1.000,14
1753273677678,1753273677678,1753273677678,GBPUSD,ask,1.35353,30000.0,0.000,14
1753273677678,1753273677678,1753273677678,GBPUSD,ask,1.35347,1000.0,0.000,14
1753273677678,1753273677678,1753273677678,GBPUSD,ask,1.35355,50000.0,0.000,14
1753273677678,1753273677678,1753273677678,GBPUSD,ask,1.35371,200000.0,0.000,14
1753273677678,1753273677678,1753273677678,GBPUSD,ask,1.35351,10000.0,0.000,14
1753273677678,1753273677678,1753273677678,GBPUSD,ask,1.35361,100000.0,0.000,14
1753273677678,1753273677678,1753273677678,GBPUSD,ask,1.35349,5000.0,0.000,14
1753273677678,1753273677678,1753273677678,GBPUSD,bid,1.35346,1000.0,0.000,14
1753273677678,1753273677678,1753273677678,GBPUSD,bid,1.35343,10000.0,0.000,14
1753273677678,1753273677678,1753273677678,GBPUSD,bid,1.35339,50000.0,0.000,14
1753273677678,1753273677678,1753273677678,GBPUSD,bid,1.35344,5000.0,0.000,14
1753273677678,1753273677678,1753273677678,GBPUSD,bid,1.35340,30000.0,0.000,14
1753273677678,1753273677678,1753273677678,GBPUSD,bid,1.35335,100000.0,0.000,14
1753273677678,1753273677678,1753273677678,GBPUSD,bid,1.35325,200000.0,0.000,14
1753273677889,1753273677889,1753273677890,GBPUSD,ask,1.35353,30000.0,1.000,14
1753273677889,1753273677889,1753273677890,GBPUSD,ask,1.35347,1000.0,1.000,14
1753273677889,1753273677889,1753273677890,GBPUSD,ask,1.35355,50000.0,1.000,14
1753273677889,1753273677889,1753273677890,GBPUSD,ask,1.35371,200000.0,1.000,14
1753273677889,1753273677889,1753273677890,GBPUSD,ask,1.35351,10000.0,1.000,14
1753273677889,1753273677889,1753273677890,GBPUSD,ask,1.35361,100000.0,1.000,14
1753273677889,1753273677889,1753273677890,GBPUSD,ask,1.35349,5000.0,1.000,14
1753273677889,1753273677889,1753273677890,GBPUSD,bid,1.35346,1000.0,1.000,14
1753273677889,1753273677889,1753273677890,GBPUSD,bid,1.35343,10000.0,1.000,14
1753273677889,1753273677889,1753273677890,GBPUSD,bid,1.35344,5000.0,1.000,14
1753273677889,1753273677889,1753273677890,GBPUSD,bid,1.35340,30000.0,1.000,14
1753273677889,1753273677889,1753273677890,GBPUSD,bid,1.35325,200000.0,1.000,14
1753273677889,1753273677889,1753273677890,GBPUSD,bid,1.35334,100000.0,1.000,14
1753273677889,1753273677889,1753273677890,GBPUSD,bid,1.35338,50000.0,1.000,14
1753273678896,1753273678896,1753273678896,GBPUSD,ask,1.35362,100000.0,0.000,14
1753273678896,1753273678896,1753273678896,GBPUSD,ask,1.35351,5000.0,0.000,14
1753273678896,1753273678896,1753273678896,GBPUSD,ask,1.35372,200000.0,0.000,14
1753273678896,1753273678896,1753273678896,GBPUSD,ask,1.35349,1000.0,0.000,14
1753273678896,1753273678896,1753273678896,GBPUSD,ask,1.35355,30000.0,0.000,14
1753273678896,1753273678896,1753273678896,GBPUSD,ask,1.35356,50000.0,0.000,14
1753273678896,1753273678896,1753273678896,GBPUSD,ask,1.35352,10000.0,0.000,14
1753273678896,1753273678896,1753273678896,GBPUSD,bid,1.35342,30000.0,0.000,14
1753273678896,1753273678896,1753273678896,GBPUSD,bid,1.35345,10000.0,0.000,14
1753273678896,1753273678896,1753273678896,GBPUSD,bid,1.35346,5000.0,0.000,14
1753273678896,1753273678896,1753273678896,GBPUSD,bid,1.35348,1000.0,0.000,14
1753273678896,1753273678896,1753273678896,GBPUSD,bid,1.35341,50000.0,0.000,14
1753273678896,1753273678896,1753273678896,GBPUSD,bid,1.35337,100000.0,0.000,14
1753273678896,1753273678896,1753273678896,GBPUSD,bid,1.35328,200000.0,0.000,14
1753273679288,1753273679288,1753273679288,GBPUSD,ask,1.35351,10000.0,0.000,14
1753273679288,1753273679288,1753273679288,GBPUSD,ask,1.35361,100000.0,0.000,14
1753273679288,1753273679288,1753273679288,GBPUSD,ask,1.35371,200000.0,0.000,14
1753273679288,1753273679288,1753273679288,GBPUSD,ask,1.35354,30000.0,0.000,14
1753273679288,1753273679288,1753273679288,GBPUSD,ask,1.35350,5000.0,0.000,14
1753273679288,1753273679288,1753273679288,GBPUSD,ask,1.35355,50000.0,0.000,14
1753273679288,1753273679288,1753273679288,GBPUSD,ask,1.35348,1000.0,0.000,14
1753273679288,1753273679288,1753273679288,GBPUSD,bid,1.35345,5000.0,0.000,14
1753273679288,1753273679288,1753273679288,GBPUSD,bid,1.35340,50000.0,0.000,14
1753273679288,1753273679288,1753273679288,GBPUSD,bid,1.35347,1000.0,0.000,14
1753273679288,1753273679288,1753273679288,GBPUSD,bid,1.35341,30000.0,0.000,14
1753273679288,1753273679288,1753273679288,GBPUSD,bid,1.35344,10000.0,0.000,14
1753273679288,1753273679288,1753273679288,GBPUSD,bid,1.35327,200000.0,0.000,14
1753273679288,1753273679288,1753273679288,GBPUSD,bid,1.35336,100000.0,0.000,14
1753273679496,1753273679496,1753273679496,GBPUSD,ask,1.35360,100000.0,0.000,14
1753273679496,1753273679496,1753273679496,GBPUSD,ask,1.35347,1000.0,0.000,14
1753273679496,1753273679496,1753273679496,GBPUSD,ask,1.35350,10000.0,0.000,14
1753273679496,1753273679496,1753273679496,GBPUSD,ask,1.35370,200000.0,0.000,14
1753273679496,1753273679496,1753273679496,GBPUSD,ask,1.35353,30000.0,0.000,14
1753273679496,1753273679496,1753273679496,GBPUSD,ask,1.35349,5000.0,0.000,14
1753273679496,1753273679496,1753273679496,GBPUSD,ask,1.35354,50000.0,0.000,14
1753273679496,1753273679496,1753273679496,GBPUSD,bid,1.35339,50000.0,0.000,14
1753273679496,1753273679496,1753273679496,GBPUSD,bid,1.35340,30000.0,0.000,14
1753273679496,1753273679496,1753273679496,GBPUSD,bid,1.35325,200000.0,0.000,14
1753273679496,1753273679496,1753273679496,GBPUSD,bid,1.35346,1000.0,0.000,14
1753273679496,1753273679496,1753273679496,GBPUSD,bid,1.35335,100000.0,0.000,14
1753273679496,1753273679496,1753273679496,GBPUSD,bid,1.35344,5000.0,0.000,14
1753273679496,1753273679496,1753273679496,GBPUSD,bid,1.35343,10000.0,0.000,14
1753273679884,1753273679884,1753273679884,GBPUSD,ask,1.35347,1000.0,0.000,14
1753273679884,1753273679884,1753273679884,GBPUSD,ask,1.35353,30000.0,0.000,14
1753273679884,1753273679884,1753273679884,GBPUSD,ask,1.35349,5000.0,0.000,14
1753273679884,1753273679884,1753273679884,GBPUSD,bid,1.35339,50000.0,0.000,14
1753273679884,1753273679884,1753273679884,GBPUSD,bid,1.35340,30000.0,0.000,14
1753273679884,1753273679884,1753273679884,GBPUSD,bid,1.35346,1000.0,0.000,14
1753273679884,1753273679884,1753273679884,GBPUSD,bid,1.35335,100000.0,0.000,14
1753273679884,1753273679884,1753273679884,GBPUSD,bid,1.35344,5000.0,0.000,14
1753273679884,1753273679884,1753273679884,GBPUSD,bid,1.35343,10000.0,0.000,14
1753273679884,1753273679884,1753273679884,GBPUSD,ask,1.35371,200000.0,0.000,14
1753273679884,1753273679884,1753273679884,GBPUSD,ask,1.35361,100000.0,0.000,14
1753273679884,1753273679884,1753273679884,GBPUSD,ask,1.35351,10000.0,0.000,14
1753273679884,1753273679884,1753273679884,GBPUSD,ask,1.35355,50000.0,0.000,14
1753273679884,1753273679884,1753273679884,GBPUSD,bid,1.35326,200000.0,0.000,14
1753273680280,1753273680280,1753273680280,GBPUSD,ask,1.35347,1000.0,0.000,14
1753273680280,1753273680280,1753273680280,GBPUSD,ask,1.35353,30000.0,0.000,14
1753273680280,1753273680280,1753273680280,GBPUSD,ask,1.35349,5000.0,0.000,14
1753273680280,1753273680280,1753273680280,GBPUSD,bid,1.35339,50000.0,0.000,14
1753273680280,1753273680280,1753273680280,GBPUSD,bid,1.35340,30000.0,0.000,14
1753273680280,1753273680280,1753273680280,GBPUSD,bid,1.35346,1000.0,0.000,14
1753273680280,1753273680280,1753273680280,GBPUSD,bid,1.35335,100000.0,0.000,14
1753273680280,1753273680280,1753273680280,GBPUSD,bid,1.35344,5000.0,0.000,14
1753273680280,1753273680280,1753273680280,GBPUSD,bid,1.35343,10000.0,0.000,14
1753273680280,1753273680280,1753273680280,GBPUSD,ask,1.35371,200000.0,0.000,14
1753273680280,1753273680280,1753273680280,GBPUSD,ask,1.35361,100000.0,0.000,14
1753273680280,1753273680280,1753273680280,GBPUSD,ask,1.35351,10000.0,0.000,14
1753273680280,1753273680280,1753273680280,GBPUSD,ask,1.35355,50000.0,0.000,14
1753273680280,1753273680280,1753273680280,GBPUSD,bid,1.35325,200000.0,0.000,14
1753273680528,1753273680528,1753273680528,GBPUSD,ask,1.35347,30000.0,0.000,14
1753273680528,1753273680528,1753273680528,GBPUSD,ask,1.35354,100000.0,0.000,14
1753273680528,1753273680528,1753273680528,GBPUSD,ask,1.35344,5000.0,0.000,14
1753273680528,1753273680528,1753273680528,GBPUSD,ask,1.35349,50000.0,0.000,14
1753273680528,1753273680528,1753273680528,GBPUSD,ask,1.35364,200000.0,0.000,14
1753273680528,1753273680528,1753273680528,GBPUSD,ask,1.35345,10000.0,0.000,14
1753273680528,1753273680528,1753273680528,GBPUSD,ask,1.35342,1000.0,0.000,14
1753273680528,1753273680528,1753273680528,GBPUSD,bid,1.35339,5000.0,0.000,14
1753273680528,1753273680528,1753273680528,GBPUSD,bid,1.35334,50000.0,0.000,14
1753273680528,1753273680528,1753273680528,GBPUSD,bid,1.35330,100000.0,0.000,14
1753273680528,1753273680528,1753273680528,GBPUSD,bid,1.35338,10000.0,0.000,14
1753273680528,1753273680528,1753273680528,GBPUSD,bid,1.35341,1000.0,0.000,14
1753273680528,1753273680528,1753273680528,GBPUSD,bid,1.35320,200000.0,0.000,14
1753273680528,1753273680528,1753273680528,GBPUSD,bid,1.35335,30000.0,0.000,14
1753273680717,1753273680717,1753273680717,GBPUSD,bid,1.35320,200000.0,0.000,14
1753273680717,1753273680717,1753273680717,GBPUSD,ask,1.35346,30000.0,0.000,14
1753273680717,1753273680717,1753273680717,GBPUSD,ask,1.35341,1000.0,0.000,14
1753273680717,1753273680717,1753273680717,GBPUSD,ask,1.35344,10000.0,0.000,14
1753273680717,1753273680717,1753273680717,GBPUSD,ask,1.35347,50000.0,0.000,14
1753273680717,1753273680717,1753273680717,GBPUSD,ask,1.35352,100000.0,0.000,14
1753273680717,1753273680717,1753273680717,GBPUSD,ask,1.35343,5000.0,0.000,14
1753273680717,1753273680717,1753273680717,GBPUSD,ask,1.35362,200000.0,0.000,14
1753273680717,1753273680717,1753273680717,GBPUSD,bid,1.35337,10000.0,0.000,14
1753273680717,1753273680717,1753273680717,GBPUSD,bid,1.35333,50000.0,0.000,14
1753273680717,1753273680717,1753273680717,GBPUSD,bid,1.35334,30000.0,0.000,14
1753273680717,1753273680717,1753273680717,GBPUSD,bid,1.35338,5000.0,0.000,14
1753273680717,1753273680717,1753273680717,GBPUSD,bid,1.35329,100000.0,0.000,14
1753273680717,1753273680717,1753273680717,GBPUSD,bid,1.35340,1000.0,0.000,14
1753273681499,1753273681499,1753273681499,GBPUSD,bid,1.35320,200000.0,0.000,14
1753273681499,1753273681499,1753273681499,GBPUSD,ask,1.35343,1000.0,0.000,14
1753273681499,1753273681499,1753273681499,GBPUSD,ask,1.35348,30000.0,0.000,14
1753273681499,1753273681499,1753273681499,GBPUSD,ask,1.35350,50000.0,0.000,14
1753273681499,1753273681499,1753273681499,GBPUSD,ask,1.35345,5000.0,0.000,14
1753273681499,1753273681499,1753273681499,GBPUSD,ask,1.35355,100000.0,0.000,14
1753273681499,1753273681499,1753273681499,GBPUSD,ask,1.35346,10000.0,0.000,14
1753273681499,1753273681499,1753273681499,GBPUSD,ask,1.35365,200000.0,0.000,14
1753273681499,1753273681499,1753273681499,GBPUSD,bid,1.35336,30000.0,0.000,14
1753273681499,1753273681499,1753273681499,GBPUSD,bid,1.35340,5000.0,0.000,14
1753273681499,1753273681499,1753273681499,GBPUSD,bid,1.35334,50000.0,0.000,14
1753273681499,1753273681499,1753273681499,GBPUSD,bid,1.35339,10000.0,0.000,14
1753273681499,1753273681499,1753273681499,GBPUSD,bid,1.35342,1000.0,0.000,14
1753273681499,1753273681499,1753273681499,GBPUSD,bid,1.35330,100000.0,0.000,14
1753273681692,1753273681692,1753273681692,GBPUSD,ask,1.35343,1000.0,0.000,14
1753273681692,1753273681692,1753273681692,GBPUSD,ask,1.35348,30000.0,0.000,14
1753273681692,1753273681692,1753273681692,GBPUSD,ask,1.35350,50000.0,0.000,14
1753273681692,1753273681692,1753273681692,GBPUSD,ask,1.35345,5000.0,0.000,14
1753273681692,1753273681692,1753273681692,GBPUSD,ask,1.35355,100000.0,0.000,14
1753273681692,1753273681692,1753273681692,GBPUSD,ask,1.35346,10000.0,0.000,14
1753273681692,1753273681692,1753273681692,GBPUSD,bid,1.35336,30000.0,0.000,14
1753273681692,1753273681692,1753273681692,GBPUSD,bid,1.35340,5000.0,0.000,14
1753273681692,1753273681692,1753273681692,GBPUSD,bid,1.35339,10000.0,0.000,14
1753273681692,1753273681692,1753273681692,GBPUSD,bid,1.35342,1000.0,0.000,14
1753273681692,1753273681692,1753273681692,GBPUSD,ask,1.35364,200000.0,0.000,14
1753273681692,1753273681692,1753273681692,GBPUSD,bid,1.35322,200000.0,0.000,14
1753273681692,1753273681692,1753273681692,GBPUSD,bid,1.35331,100000.0,0.000,14
1753273681692,1753273681692,1753273681692,GBPUSD,bid,1.35335,50000.0,0.000,14
1753273681896,1753273681896,1753273681896,GBPUSD,ask,1.35362,200000.0,0.000,14
1753273681896,1753273681896,1753273681896,GBPUSD,ask,1.35343,5000.0,0.000,14
1753273681896,1753273681896,1753273681896,GBPUSD,ask,1.35346,30000.0,0.000,14
1753273681896,1753273681896,1753273681896,GBPUSD,ask,1.35347,50000.0,0.000,14
1753273681896,1753273681896,1753273681896,GBPUSD,ask,1.35352,100000.0,0.000,14
1753273681896,1753273681896,1753273681896,GBPUSD,ask,1.35344,10000.0,0.000,14
1753273681896,1753273681896,1753273681896,GBPUSD,ask,1.35341,1000.0,0.000,14
1753273681896,1753273681896,1753273681896,GBPUSD,bid,1.35320,200000.0,0.000,14
1753273681896,1753273681896,1753273681896,GBPUSD,bid,1.35334,30000.0,0.000,14
1753273681896,1753273681896,1753273681896,GBPUSD,bid,1.35337,10000.0,0.000,14
1753273681896,1753273681896,1753273681896,GBPUSD,bid,1.35333,50000.0,0.000,14
1753273681896,1753273681896,1753273681896,GBPUSD,bid,1.35340,1000.0,0.000,14
1753273681896,1753273681896,1753273681896,GBPUSD,bid,1.35329,100000.0,0.000,14
1753273681896,1753273681896,1753273681896,GBPUSD,bid,1.35338,5000.0,0.000,14
1753273682294,1753273682294,1753273682294,GBPUSD,ask,1.35340,1000.0,0.000,14
1753273682294,1753273682294,1753273682294,GBPUSD,ask,1.35346,50000.0,0.000,14
1753273682294,1753273682294,1753273682294,GBPUSD,ask,1.35342,5000.0,0.000,14
1753273682294,1753273682294,1753273682294,GBPUSD,ask,1.35351,100000.0,0.000,14
1753273682294,1753273682294,1753273682294,GBPUSD,ask,1.35360,200000.0,0.000,14
1753273682294,1753273682294,1753273682294,GBPUSD,ask,1.35345,30000.0,0.000,14
1753273682294,1753273682294,1753273682294,GBPUSD,ask,1.35343,10000.0,0.000,14
1753273682294,1753273682294,1753273682294,GBPUSD,bid,1.35337,5000.0,0.000,14
1753273682294,1753273682294,1753273682294,GBPUSD,bid,1.35332,50000.0,0.000,14
1753273682294,1753273682294,1753273682294,GBPUSD,bid,1.35328,100000.0,0.000,14
1753273682294,1753273682294,1753273682294,GBPUSD,bid,1.35319,200000.0,0.000,14
1753273682294,1753273682294,1753273682294,GBPUSD,bid,1.35336,10000.0,0.000,14
1753273682294,1753273682294,1753273682294,GBPUSD,bid,1.35339,1000.0,0.000,14
1753273682294,1753273682294,1753273682294,GBPUSD,bid,1.35333,30000.0,0.000,14
1753273682476,1753273682476,1753273682476,GBPUSD,ask,1.35340,1000.0,0.000,14
1753273682476,1753273682476,1753273682476,GBPUSD,ask,1.35346,50000.0,0.000,14
1753273682476,1753273682476,1753273682476,GBPUSD,ask,1.35342,5000.0,0.000,14
1753273682476,1753273682476,1753273682476,GBPUSD,ask,1.35351,100000.0,0.000,14
1753273682476,1753273682476,1753273682476,GBPUSD,ask,1.35345,30000.0,0.000,14
1753273682476,1753273682476,1753273682476,GBPUSD,ask,1.35343,10000.0,0.000,14
1753273682476,1753273682476,1753273682476,GBPUSD,bid,1.35337,5000.0,0.000,14
1753273682476,1753273682476,1753273682476,GBPUSD,bid,1.35332,50000.0,0.000,14
1753273682476,1753273682476,1753273682476,GBPUSD,bid,1.35328,100000.0,0.000,14
1753273682476,1753273682476,1753273682476,GBPUSD,bid,1.35319,200000.0,0.000,14
1753273682476,1753273682476,1753273682476,GBPUSD,bid,1.35336,10000.0,0.000,14
1753273682476,1753273682476,1753273682476,GBPUSD,bid,1.35339,1000.0,0.000,14
1753273682476,1753273682476,1753273682476,GBPUSD,bid,1.35333,30000.0,0.000,14
1753273682476,1753273682476,1753273682476,GBPUSD,ask,1.35361,200000.0,0.000,14
1753273682692,1753273682692,1753273682692,GBPUSD,ask,1.35340,1000.0,0.000,14
1753273682692,1753273682692,1753273682692,GBPUSD,ask,1.35342,5000.0,0.000,14
1753273682692,1753273682692,1753273682692,GBPUSD,ask,1.35345,30000.0,0.000,14
1753273682692,1753273682692,1753273682692,GBPUSD,ask,1.35343,10000.0,0.000,14
1753273682692,1753273682692,1753273682692,GBPUSD,bid,1.35337,5000.0,0.000,14
1753273682692,1753273682692,1753273682692,GBPUSD,bid,1.35332,50000.0,0.000,14
1753273682692,1753273682692,1753273682692,GBPUSD,bid,1.35328,100000.0,0.000,14
1753273682692,1753273682692,1753273682692,GBPUSD,bid,1.35319,200000.0,0.000,14
1753273682692,1753273682692,1753273682692,GBPUSD,bid,1.35336,10000.0,0.000,14
1753273682692,1753273682692,1753273682692,GBPUSD,bid,1.35339,1000.0,0.000,14
1753273682692,1753273682692,1753273682692,GBPUSD,bid,1.35333,30000.0,0.000,14
1753273682692,1753273682692,1753273682692,GBPUSD,ask,1.35352,100000.0,0.000,14
1753273682692,1753273682692,1753273682692,GBPUSD,ask,1.35362,200000.0,0.000,14
1753273682692,1753273682692,1753273682692,GBPUSD,ask,1.35347,50000.0,0.000,14
1753273683089,1753273683089,1753273683089,GBPUSD,ask,1.35345,30000.0,0.000,14
1753273683089,1753273683089,1753273683089,GBPUSD,ask,1.35352,100000.0,0.000,14
1753273683089,1753273683089,1753273683089,GBPUSD,ask,1.35362,200000.0,0.000,14
1753273683089,1753273683089,1753273683089,GBPUSD,ask,1.35342,10000.0,0.000,14
1753273683089,1753273683089,1753273683089,GBPUSD,ask,1.35346,50000.0,0.000,14
1753273683089,1753273683089,1753273683089,GBPUSD,ask,1.35339,1000.0,0.000,14
1753273683089,1753273683089,1753273683089,GBPUSD,ask,1.35341,5000.0,0.000,14
1753273683089,1753273683089,1753273683089,GBPUSD,bid,1.35332,30000.0,0.000,14
1753273683089,1753273683089,1753273683089,GBPUSD,bid,1.35338,1000.0,0.000,14
1753273683089,1753273683089,1753273683089,GBPUSD,bid,1.35318,200000.0,0.000,14
1753273683089,1753273683089,1753273683089,GBPUSD,bid,1.35336,5000.0,0.000,14
1753273683089,1753273683089,1753273683089,GBPUSD,bid,1.35335,10000.0,0.000,14
1753273683089,1753273683089,1753273683089,GBPUSD,bid,1.35331,50000.0,0.000,14
1753273683089,1753273683089,1753273683089,GBPUSD,bid,1.35327,100000.0,0.000,14
1753273683878,1753273683878,1753273683878,GBPUSD,ask,1.35345,30000.0,0.000,14
1753273683878,1753273683878,1753273683878,GBPUSD,ask,1.35339,1000.0,0.000,14
1753273683878,1753273683878,1753273683878,GBPUSD,ask,1.35341,5000.0,0.000,14
1753273683878,1753273683878,1753273683878,GBPUSD,bid,1.35332,30000.0,0.000,14
1753273683878,1753273683878,1753273683878,GBPUSD,bid,1.35338,1000.0,0.000,14
1753273683878,1753273683878,1753273683878,GBPUSD,bid,1.35318,200000.0,0.000,14
1753273683878,1753273683878,1753273683878,GBPUSD,bid,1.35336,5000.0,0.000,14
1753273683878,1753273683878,1753273683878,GBPUSD,bid,1.35335,10000.0,0.000,14
1753273683878,1753273683878,1753273683878,GBPUSD,bid,1.35331,50000.0,0.000,14
1753273683878,1753273683878,1753273683878,GBPUSD,bid,1.35327,100000.0,0.000,14
1753273683878,1753273683878,1753273683878,GBPUSD,ask,1.35353,100000.0,0.000,14
1753273683878,1753273683878,1753273683878,GBPUSD,ask,1.35363,200000.0,0.000,14
1753273683878,1753273683878,1753273683878,GBPUSD,ask,1.35343,10000.0,0.000,14
1753273683878,1753273683878,1753273683878,GBPUSD,ask,1.35347,50000.0,0.000,14
1753273684287,1753273684287,1753273684287,GBPUSD,bid,1.35318,200000.0,0.000,14
1753273684287,1753273684287,1753273684287,GBPUSD,ask,1.35353,100000.0,0.000,14
1753273684287,1753273684287,1753273684287,GBPUSD,ask,1.35363,200000.0,0.000,14
1753273684287,1753273684287,1753273684287,GBPUSD,ask,1.35343,10000.0,0.000,14
1753273684287,1753273684287,1753273684287,GBPUSD,ask,1.35347,50000.0,0.000,14
1753273684287,1753273684287,1753273684287,GBPUSD,ask,1.35340,1000.0,0.000,14
1753273684287,1753273684287,1753273684287,GBPUSD,ask,1.35342,5000.0,0.000,14
1753273684287,1753273684287,1753273684287,GBPUSD,ask,1.35346,30000.0,0.000,14
1753273684287,1753273684287,1753273684287,GBPUSD,bid,1.35333,30000.0,0.000,14
1753273684287,1753273684287,1753273684287,GBPUSD,bid,1.35339,1000.0,0.000,14
1753273684287,1753273684287,1753273684287,GBPUSD,bid,1.35332,50000.0,0.000,14
1753273684287,1753273684287,1753273684287,GBPUSD,bid,1.35337,5000.0,0.000,14
1753273684287,1753273684287,1753273684287,GBPUSD,bid,1.35336,10000.0,0.000,14
1753273684287,1753273684287,1753273684287,GBPUSD,bid,1.35328,100000.0,0.000,14
1753273685319,1753273685319,1753273685319,GBPUSD,bid,1.35318,200000.0,0.000,14
1753273685319,1753273685319,1753273685319,GBPUSD,ask,1.35353,100000.0,0.000,14
1753273685319,1753273685319,1753273685319,GBPUSD,ask,1.35363,200000.0,0.000,14
1753273685319,1753273685319,1753273685319,GBPUSD,ask,1.35343,10000.0,0.000,14
1753273685319,1753273685319,1753273685319,GBPUSD,ask,1.35347,50000.0,0.000,14
1753273685319,1753273685319,1753273685319,GBPUSD,ask,1.35341,5000.0,0.000,14
1753273685319,1753273685319,1753273685319,GBPUSD,ask,1.35345,30000.0,0.000,14
1753273685319,1753273685319,1753273685319,GBPUSD,ask,1.35339,1000.0,0.000,14
1753273685319,1753273685319,1753273685319,GBPUSD,bid,1.35336,5000.0,0.000,14
1753273685319,1753273685319,1753273685319,GBPUSD,bid,1.35338,1000.0,0.000,14
1753273685319,1753273685319,1753273685319,GBPUSD,bid,1.35332,30000.0,0.000,14
1753273685319,1753273685319,1753273685319,GBPUSD,bid,1.35331,50000.0,0.000,14
1753273685319,1753273685319,1753273685319,GBPUSD,bid,1.35335,10000.0,0.000,14
1753273685319,1753273685319,1753273685319,GBPUSD,bid,1.35327,100000.0,0.000,14
1753273686683,1753273686683,1753273686683,GBPUSD,bid,1.35318,200000.0,0.000,14
1753273686683,1753273686683,1753273686683,GBPUSD,ask,1.35341,5000.0,0.000,14
1753273686683,1753273686683,1753273686683,GBPUSD,ask,1.35345,30000.0,0.000,14
1753273686683,1753273686683,1753273686683,GBPUSD,ask,1.35339,1000.0,0.000,14
1753273686683,1753273686683,1753273686683,GBPUSD,bid,1.35336,5000.0,0.000,14
1753273686683,1753273686683,1753273686683,GBPUSD,bid,1.35338,1000.0,0.000,14
1753273686683,1753273686683,1753273686683,GBPUSD,bid,1.35332,30000.0,0.000,14
1753273686683,1753273686683,1753273686683,GBPUSD,bid,1.35331,50000.0,0.000,14
1753273686683,1753273686683,1753273686683,GBPUSD,bid,1.35335,10000.0,0.000,14
1753273686683,1753273686683,1753273686683,GBPUSD,bid,1.35327,100000.0,0.000,14
1753273686683,1753273686683,1753273686683,GBPUSD,ask,1.35362,200000.0,0.000,14
1753273686683,1753273686683,1753273686683,GBPUSD,ask,1.35346,50000.0,0.000,14
1753273686683,1753273686683,1753273686683,GBPUSD,ask,1.35352,100000.0,0.000,14
1753273686683,1753273686683,1753273686683,GBPUSD,ask,1.35342,10000.0,0.000,14
1753273688886,1753273688886,1753273688886,GBPUSD,bid,1.35318,200000.0,0.000,14
1753273688886,1753273688886,1753273688886,GBPUSD,ask,1.35354,100000.0,0.000,14
1753273688886,1753273688886,1753273688886,GBPUSD,ask,1.35344,10000.0,0.000,14
1753273688886,1753273688886,1753273688886,GBPUSD,ask,1.35342,5000.0,0.000,14
1753273688886,1753273688886,1753273688886,GBPUSD,ask,1.35348,50000.0,0.000,14
1753273688886,1753273688886,1753273688886,GBPUSD,ask,1.35346,30000.0,0.000,14
1753273688886,1753273688886,1753273688886,GBPUSD,ask,1.35364,200000.0,0.000,14
1753273688886,1753273688886,1753273688886,GBPUSD,ask,1.35340,1000.0,0.000,14
1753273688886,1753273688886,1753273688886,GBPUSD,bid,1.35336,10000.0,0.000,14
1753273688886,1753273688886,1753273688886,GBPUSD,bid,1.35328,100000.0,0.000,14
1753273688886,1753273688886,1753273688886,GBPUSD,bid,1.35333,30000.0,0.000,14
1753273688886,1753273688886,1753273688886,GBPUSD,bid,1.35339,1000.0,0.000,14
1753273688886,1753273688886,1753273688886,GBPUSD,bid,1.35332,50000.0,0.000,14
1753273688886,1753273688886,1753273688886,GBPUSD,bid,1.35337,5000.0,0.000,14
1753273689481,1753273689481,1753273689481,GBPUSD,bid,1.35318,200000.0,0.000,14
1753273689481,1753273689481,1753273689481,GBPUSD,ask,1.35354,100000.0,0.000,14
1753273689481,1753273689481,1753273689481,GBPUSD,ask,1.35344,10000.0,0.000,14
1753273689481,1753273689481,1753273689481,GBPUSD,ask,1.35342,5000.0,0.000,14
1753273689481,1753273689481,1753273689481,GBPUSD,ask,1.35348,50000.0,0.000,14
1753273689481,1753273689481,1753273689481,GBPUSD,ask,1.35346,30000.0,0.000,14
1753273689481,1753273689481,1753273689481,GBPUSD,ask,1.35364,200000.0,0.000,14
1753273689481,1753273689481,1753273689481,GBPUSD,ask,1.35340,1000.0,0.000,14
1753273689481,1753273689481,1753273689481,GBPUSD,bid,1.35336,10000.0,0.000,14
1753273689481,1753273689481,1753273689481,GBPUSD,bid,1.35333,30000.0,0.000,14
1753273689481,1753273689481,1753273689481,GBPUSD,bid,1.35339,1000.0,0.000,14
1753273689481,1753273689481,1753273689481,GBPUSD,bid,1.35337,5000.0,0.000,14
1753273689481,1753273689481,1753273689481,GBPUSD,bid,1.35327,100000.0,0.000,14
1753273689481,1753273689481,1753273689481,GBPUSD,bid,1.35331,50000.0,0.000,14
1753273691680,1753273691680,1753273691680,GBPUSD,bid,1.35318,200000.0,0.000,14
1753273691680,1753273691680,1753273691680,GBPUSD,ask,1.35354,100000.0,0.000,14
1753273691680,1753273691680,1753273691680,GBPUSD,ask,1.35344,10000.0,0.000,14
1753273691680,1753273691680,1753273691680,GBPUSD,ask,1.35342,5000.0,0.000,14
1753273691680,1753273691680,1753273691680,GBPUSD,ask,1.35348,50000.0,0.000,14
1753273691680,1753273691680,1753273691680,GBPUSD,ask,1.35346,30000.0,0.000,14
1753273691680,1753273691680,1753273691680,GBPUSD,ask,1.35364,200000.0,0.000,14
1753273691680,1753273691680,1753273691680,GBPUSD,ask,1.35340,1000.0,0.000,14
1753273691680,1753273691680,1753273691680,GBPUSD,bid,1.35336,10000.0,0.000,14
1753273691680,1753273691680,1753273691680,GBPUSD,bid,1.35333,30000.0,0.000,14
1753273691680,1753273691680,1753273691680,GBPUSD,bid,1.35339,1000.0,0.000,14
1753273691680,1753273691680,1753273691680,GBPUSD,bid,1.35337,5000.0,0.000,14
1753273691680,1753273691680,1753273691680,GBPUSD,bid,1.35328,100000.0,0.000,14
1753273691680,1753273691680,1753273691680,GBPUSD,bid,1.35332,50000.0,0.000,14
1753273693521,1753273693521,1753273693521,GBPUSD,bid,1.35318,200000.0,0.000,14
1753273693521,1753273693521,1753273693521,GBPUSD,ask,1.35352,100000.0,0.000,14
1753273693521,1753273693521,1753273693521,GBPUSD,ask,1.35346,50000.0,0.000,14
1753273693521,1753273693521,1753273693521,GBPUSD,ask,1.35339,1000.0,0.000,14
1753273693521,1753273693521,1753273693521,GBPUSD,ask,1.35341,5000.0,0.000,14
1753273693521,1753273693521,1753273693521,GBPUSD,ask,1.35345,30000.0,0.000,14
1753273693521,1753273693521,1753273693521,GBPUSD,ask,1.35362,200000.0,0.000,14
1753273693521,1753273693521,1753273693521,GBPUSD,ask,1.35342,10000.0,0.000,14
1753273693521,1753273693521,1753273693521,GBPUSD,bid,1.35327,100000.0,0.000,14
1753273693521,1753273693521,1753273693521,GBPUSD,bid,1.35331,50000.0,0.000,14
1753273693521,1753273693521,1753273693521,GBPUSD,bid,1.35336,5000.0,0.000,14
1753273693521,1753273693521,1753273693521,GBPUSD,bid,1.35335,10000.0,0.000,14
1753273693521,1753273693521,1753273693521,GBPUSD,bid,1.35338,1000.0,0.000,14
1753273693521,1753273693521,1753273693521,GBPUSD,bid,1.35332,30000.0,0.000,14
1753273694681,1753273694681,1753273694681,GBPUSD,ask,1.35352,100000.0,0.000,14
1753273694681,1753273694681,1753273694681,GBPUSD,ask,1.35346,50000.0,0.000,14
1753273694681,1753273694681,1753273694681,GBPUSD,ask,1.35339,1000.0,0.000,14
1753273694681,1753273694681,1753273694681,GBPUSD,ask,1.35341,5000.0,0.000,14
1753273694681,1753273694681,1753273694681,GBPUSD,ask,1.35345,30000.0,0.000,14
1753273694681,1753273694681,1753273694681,GBPUSD,ask,1.35362,200000.0,0.000,14
1753273694681,1753273694681,1753273694681,GBPUSD,ask,1.35342,10000.0,0.000,14
1753273694681,1753273694681,1753273694681,GBPUSD,bid,1.35327,100000.0,0.000,14
1753273694681,1753273694681,1753273694681,GBPUSD,bid,1.35331,50000.0,0.000,14
1753273694681,1753273694681,1753273694681,GBPUSD,bid,1.35336,5000.0,0.000,14
1753273694681,1753273694681,1753273694681,GBPUSD,bid,1.35335,10000.0,0.000,14
1753273694681,1753273694681,1753273694681,GBPUSD,bid,1.35338,1000.0,0.000,14
1753273694681,1753273694681,1753273694681,GBPUSD,bid,1.35332,30000.0,0.000,14
1753273694681,1753273694681,1753273694681,GBPUSD,bid,1.35317,200000.0,0.000,14
1753273694893,1753273694893,1753273694893,GBPUSD,ask,1.35346,50000.0,0.000,14
1753273694893,1753273694893,1753273694893,GBPUSD,ask,1.35339,1000.0,0.000,14
1753273694893,1753273694893,1753273694893,GBPUSD,ask,1.35341,5000.0,0.000,14
1753273694893,1753273694893,1753273694893,GBPUSD,ask,1.35342,10000.0,0.000,14
1753273694893,1753273694893,1753273694893,GBPUSD,bid,1.35327,100000.0,0.000,14
1753273694893,1753273694893,1753273694893,GBPUSD,bid,1.35331,50000.0,0.000,14
1753273694893,1753273694893,1753273694893,GBPUSD,bid,1.35336,5000.0,0.000,14
1753273694893,1753273694893,1753273694893,GBPUSD,bid,1.35335,10000.0,0.000,14
1753273694893,1753273694893,1753273694893,GBPUSD,bid,1.35338,1000.0,0.000,14
1753273694893,1753273694893,1753273694893,GBPUSD,bid,1.35332,30000.0,0.000,14
1753273694893,1753273694893,1753273694893,GBPUSD,ask,1.35351,100000.0,0.000,14
1753273694893,1753273694893,1753273694893,GBPUSD,ask,1.35361,200000.0,0.000,14
1753273694893,1753273694893,1753273694893,GBPUSD,ask,1.35344,30000.0,0.000,14
1753273694893,1753273694893,1753273694893,GBPUSD,bid,1.35318,200000.0,0.000,14
1753273695299,1753273695299,1753273695299,GBPUSD,ask,1.35346,50000.0,0.000,14
1753273695299,1753273695299,1753273695299,GBPUSD,ask,1.35339,1000.0,0.000,14
1753273695299,1753273695299,1753273695299,GBPUSD,ask,1.35341,5000.0,0.000,14
1753273695299,1753273695299,1753273695299,GBPUSD,ask,1.35342,10000.0,0.000,14
1753273695299,1753273695299,1753273695299,GBPUSD,bid,1.35327,100000.0,0.000,14
1753273695299,1753273695299,1753273695299,GBPUSD,bid,1.35331,50000.0,0.000,14
1753273695299,1753273695299,1753273695299,GBPUSD,bid,1.35336,5000.0,0.000,14
1753273695299,1753273695299,1753273695299,GBPUSD,bid,1.35335,10000.0,0.000,14
1753273695299,1753273695299,1753273695299,GBPUSD,bid,1.35338,1000.0,0.000,14
1753273695299,1753273695299,1753273695299,GBPUSD,bid,1.35332,30000.0,0.000,14
1753273695299,1753273695299,1753273695299,GBPUSD,ask,1.35351,100000.0,0.000,14
1753273695299,1753273695299,1753273695299,GBPUSD,ask,1.35361,200000.0,0.000,14
1753273695299,1753273695299,1753273695299,GBPUSD,ask,1.35344,30000.0,0.000,14
1753273695299,1753273695299,1753273695299,GBPUSD,bid,1.35317,200000.0,0.000,14
1753273695682,1753273695682,1753273695682,GBPUSD,ask,1.35346,50000.0,0.000,14
1753273695682,1753273695682,1753273695682,GBPUSD,ask,1.35339,1000.0,0.000,14
1753273695682,1753273695682,1753273695682,GBPUSD,ask,1.35341,5000.0,0.000,14
1753273695682,1753273695682,1753273695682,GBPUSD,ask,1.35342,10000.0,0.000,14
1753273695682,1753273695682,1753273695682,GBPUSD,bid,1.35327,100000.0,0.000,14
1753273695682,1753273695682,1753273695682,GBPUSD,bid,1.35331,50000.0,0.000,14
1753273695682,1753273695682,1753273695682,GBPUSD,bid,1.35336,5000.0,0.000,14
1753273695682,1753273695682,1753273695682,GBPUSD,bid,1.35335,10000.0,0.000,14
1753273695682,1753273695682,1753273695682,GBPUSD,bid,1.35338,1000.0,0.000,14
1753273695682,1753273695682,1753273695682,GBPUSD,bid,1.35332,30000.0,0.000,14
1753273695682,1753273695682,1753273695682,GBPUSD,ask,1.35351,100000.0,0.000,14
1753273695682,1753273695682,1753273695682,GBPUSD,ask,1.35361,200000.0,0.000,14
1753273695682,1753273695682,1753273695682,GBPUSD,ask,1.35344,30000.0,0.000,14
1753273695682,1753273695682,1753273695682,GBPUSD,bid,1.35318,200000.0,0.000,14
1753273696294,1753273696294,1753273696294,GBPUSD,ask,1.35346,50000.0,0.000,14
1753273696294,1753273696294,1753273696294,GBPUSD,ask,1.35339,1000.0,0.000,14
1753273696294,1753273696294,1753273696294,GBPUSD,ask,1.35341,5000.0,0.000,14
1753273696294,1753273696294,1753273696294,GBPUSD,ask,1.35342,10000.0,0.000,14
1753273696294,1753273696294,1753273696294,GBPUSD,bid,1.35327,100000.0,0.000,14
1753273696294,1753273696294,1753273696294,GBPUSD,bid,1.35331,50000.0,0.000,14
1753273696294,1753273696294,1753273696294,GBPUSD,bid,1.35336,5000.0,0.000,14
1753273696294,1753273696294,1753273696294,GBPUSD,bid,1.35335,10000.0,0.000,14
1753273696294,1753273696294,1753273696294,GBPUSD,bid,1.35338,1000.0,0.000,14
1753273696294,1753273696294,1753273696294,GBPUSD,bid,1.35332,30000.0,0.000,14
1753273696294,1753273696294,1753273696294,GBPUSD,ask,1.35351,100000.0,0.000,14
1753273696294,1753273696294,1753273696294,GBPUSD,ask,1.35361,200000.0,0.000,14
1753273696294,1753273696294,1753273696294,GBPUSD,ask,1.35344,30000.0,0.000,14
1753273696294,1753273696294,1753273696294,GBPUSD,bid,1.35317,200000.0,0.000,14
1753273696891,1753273696891,1753273696891,GBPUSD,ask,1.35341,10000.0,0.000,14
1753273696891,1753273696891,1753273696891,GBPUSD,ask,1.35344,50000.0,0.000,14
1753273696891,1753273696891,1753273696891,GBPUSD,ask,1.35338,1000.0,0.000,14
1753273696891,1753273696891,1753273696891,GBPUSD,ask,1.35343,30000.0,0.000,14
1753273696891,1753273696891,1753273696891,GBPUSD,ask,1.35349,100000.0,0.000,14
1753273696891,1753273696891,1753273696891,GBPUSD,ask,1.35359,200000.0,0.000,14
1753273696891,1753273696891,1753273696891,GBPUSD,ask,1.35340,5000.0,0.000,14
1753273696891,1753273696891,1753273696891,GBPUSD,bid,1.35337,1000.0,0.000,14
1753273696891,1753273696891,1753273696891,GBPUSD,bid,1.35326,100000.0,0.000,14
1753273696891,1753273696891,1753273696891,GBPUSD,bid,1.35330,50000.0,0.000,14
1753273696891,1753273696891,1753273696891,GBPUSD,bid,1.35316,200000.0,0.000,14
1753273696891,1753273696891,1753273696891,GBPUSD,bid,1.35331,30000.0,0.000,14
1753273696891,1753273696891,1753273696891,GBPUSD,bid,1.35334,10000.0,0.000,14
1753273696891,1753273696891,1753273696891,GBPUSD,bid,1.35335,5000.0,0.000,14
1753273697292,1753273697292,1753273697292,GBPUSD,ask,1.35341,10000.0,0.000,14
1753273697292,1753273697292,1753273697292,GBPUSD,ask,1.35338,1000.0,0.000,14
1753273697292,1753273697292,1753273697292,GBPUSD,ask,1.35343,30000.0,0.000,14
1753273697292,1753273697292,1753273697292,GBPUSD,ask,1.35340,5000.0,0.000,14
1753273697292,1753273697292,1753273697292,GBPUSD,bid,1.35337,1000.0,0.000,14
1753273697292,1753273697292,1753273697292,GBPUSD,bid,1.35316,200000.0,0.000,14
1753273697292,1753273697292,1753273697292,GBPUSD,bid,1.35331,30000.0,0.000,14
1753273697292,1753273697292,1753273697292,GBPUSD,bid,1.35334,10000.0,0.000,14
1753273697292,1753273697292,1753273697292,GBPUSD,bid,1.35335,5000.0,0.000,14
1753273697292,1753273697292,1753273697292,GBPUSD,ask,1.35345,50000.0,0.000,14
1753273697292,1753273697292,1753273697292,GBPUSD,ask,1.35360,200000.0,0.000,14
1753273697292,1753273697292,1753273697292,GBPUSD,ask,1.35350,100000.0,0.000,14
1753273697292,1753273697292,1753273697292,GBPUSD,bid,1.35325,100000.0,0.000,14
1753273697292,1753273697292,1753273697292,GBPUSD,bid,1.35329,50000.0,0.000,14
1753273698318,1753273698318,1753273698318,GBPUSD,ask,1.35342,10000.0,0.000,14
1753273698318,1753273698318,1753273698318,GBPUSD,ask,1.35339,1000.0,0.000,14
1753273698318,1753273698318,1753273698318,GBPUSD,ask,1.35361,200000.0,0.000,14
1753273698318,1753273698318,1753273698318,GBPUSD,ask,1.35341,5000.0,0.000,14
1753273698318,1753273698318,1753273698318,GBPUSD,ask,1.35346,50000.0,0.000,14
1753273698318,1753273698318,1753273698318,GBPUSD,ask,1.35344,30000.0,0.000,14
1753273698318,1753273698318,1753273698318,GBPUSD,ask,1.35351,100000.0,0.000,14
1753273698318,1753273698318,1753273698318,GBPUSD,bid,1.35326,100000.0,0.000,14
1753273698318,1753273698318,1753273698318,GBPUSD,bid,1.35335,10000.0,0.000,14
1753273698318,1753273698318,1753273698318,GBPUSD,bid,1.35336,5000.0,0.000,14
1753273698318,1753273698318,1753273698318,GBPUSD,bid,1.35332,30000.0,0.000,14
1753273698318,1753273698318,1753273698318,GBPUSD,bid,1.35317,200000.0,0.000,14
1753273698318,1753273698318,1753273698318,GBPUSD,bid,1.35330,50000.0,0.000,14
1753273698318,1753273698318,1753273698318,GBPUSD,bid,1.35338,1000.0,0.000,14
1753273698696,1753273698696,1753273698696,GBPUSD,ask,1.35342,10000.0,0.000,14
1753273698696,1753273698696,1753273698696,GBPUSD,ask,1.35339,1000.0,0.000,14
1753273698696,1753273698696,1753273698696,GBPUSD,ask,1.35361,200000.0,0.000,14
1753273698696,1753273698696,1753273698696,GBPUSD,ask,1.35341,5000.0,0.000,14
1753273698696,1753273698696,1753273698696,GBPUSD,ask,1.35346,50000.0,0.000,14
1753273698696,1753273698696,1753273698696,GBPUSD,ask,1.35344,30000.0,0.000,14
1753273698696,1753273698696,1753273698696,GBPUSD,ask,1.35351,100000.0,0.000,14
1753273698696,1753273698696,1753273698696,GBPUSD,bid,1.35335,10000.0,0.000,14
1753273698696,1753273698696,1753273698696,GBPUSD,bid,1.35336,5000.0,0.000,14
1753273698696,1753273698696,1753273698696,GBPUSD,bid,1.35332,30000.0,0.000,14
1753273698696,1753273698696,1753273698696,GBPUSD,bid,1.35338,1000.0,0.000,14
1753273698696,1753273698696,1753273698696,GBPUSD,bid,1.35318,200000.0,0.000,14
1753273698696,1753273698696,1753273698696,GBPUSD,bid,1.35331,50000.0,0.000,14
1753273698696,1753273698696,1753273698696,GBPUSD,bid,1.35327,100000.0,0.000,14
1753273701878,1753273701878,1753273701878,GBPUSD,ask,1.35342,10000.0,0.000,14
1753273701878,1753273701878,1753273701878,GBPUSD,ask,1.35339,1000.0,0.000,14
1753273701878,1753273701878,1753273701878,GBPUSD,ask,1.35341,5000.0,0.000,14
1753273701878,1753273701878,1753273701878,GBPUSD,ask,1.35346,50000.0,0.000,14
1753273701878,1753273701878,1753273701878,GBPUSD,bid,1.35335,10000.0,0.000,14
1753273701878,1753273701878,1753273701878,GBPUSD,bid,1.35336,5000.0,0.000,14
1753273701878,1753273701878,1753273701878,GBPUSD,bid,1.35332,30000.0,0.000,14
1753273701878,1753273701878,1753273701878,GBPUSD,bid,1.35338,1000.0,0.000,14
1753273701878,1753273701878,1753273701878,GBPUSD,ask,1.35362,200000.0,0.000,14
1753273701878,1753273701878,1753273701878,GBPUSD,ask,1.35345,30000.0,0.000,14
1753273701878,1753273701878,1753273701878,GBPUSD,ask,1.35352,100000.0,0.000,14
1753273701878,1753273701878,1753273701878,GBPUSD,bid,1.35330,50000.0,0.000,14
1753273701878,1753273701878,1753273701878,GBPUSD,bid,1.35326,100000.0,0.000,14
1753273701878,1753273701878,1753273701878,GBPUSD,bid,1.35316,200000.0,0.000,14
1753273702288,1753273702288,1753273702289,GBPUSD,ask,1.35342,10000.0,1.000,14
1753273702288,1753273702288,1753273702289,GBPUSD,ask,1.35339,1000.0,1.000,14
1753273702288,1753273702288,1753273702289,GBPUSD,ask,1.35341,5000.0,1.000,14
1753273702288,1753273702288,1753273702289,GBPUSD,ask,1.35346,50000.0,1.000,14
1753273702288,1753273702288,1753273702289,GBPUSD,bid,1.35335,10000.0,1.000,14
1753273702288,1753273702288,1753273702289,GBPUSD,bid,1.35336,5000.0,1.000,14
1753273702288,1753273702288,1753273702289,GBPUSD,bid,1.35338,1000.0,1.000,14
1753273702288,1753273702288,1753273702289,GBPUSD,ask,1.35362,200000.0,1.000,14
1753273702288,1753273702288,1753273702289,GBPUSD,ask,1.35345,30000.0,1.000,14
1753273702288,1753273702288,1753273702289,GBPUSD,ask,1.35352,100000.0,1.000,14
1753273702288,1753273702288,1753273702289,GBPUSD,bid,1.35330,50000.0,1.000,14
1753273702288,1753273702288,1753273702289,GBPUSD,bid,1.35316,200000.0,1.000,14
1753273702288,1753273702288,1753273702289,GBPUSD,bid,1.35325,100000.0,1.000,14
1753273702288,1753273702288,1753273702289,GBPUSD,bid,1.35331,30000.0,1.000,14
1753273703284,1753273703284,1753273703284,GBPUSD,ask,1.35340,1000.0,0.000,14
1753273703284,1753273703284,1753273703284,GBPUSD,ask,1.35346,30000.0,0.000,14
1753273703284,1753273703284,1753273703284,GBPUSD,ask,1.35343,10000.0,0.000,14
1753273703284,1753273703284,1753273703284,GBPUSD,ask,1.35342,5000.0,0.000,14
1753273703284,1753273703284,1753273703284,GBPUSD,ask,1.35347,50000.0,0.000,14
1753273703284,1753273703284,1753273703284,GBPUSD,ask,1.35353,100000.0,0.000,14
1753273703284,1753273703284,1753273703284,GBPUSD,ask,1.35363,200000.0,0.000,14
1753273703284,1753273703284,1753273703284,GBPUSD,bid,1.35331,50000.0,0.000,14
1753273703284,1753273703284,1753273703284,GBPUSD,bid,1.35317,200000.0,0.000,14
1753273703284,1753273703284,1753273703284,GBPUSD,bid,1.35337,5000.0,0.000,14
1753273703284,1753273703284,1753273703284,GBPUSD,bid,1.35339,1000.0,0.000,14
1753273703284,1753273703284,1753273703284,GBPUSD,bid,1.35336,10000.0,0.000,14
1753273703284,1753273703284,1753273703284,GBPUSD,bid,1.35332,30000.0,0.000,14
1753273703284,1753273703284,1753273703284,GBPUSD,bid,1.35326,100000.0,0.000,14
1753273703681,1753273703681,1753273703682,GBPUSD,ask,1.35340,1000.0,1.000,14
1753273703681,1753273703681,1753273703682,GBPUSD,ask,1.35346,30000.0,1.000,14
1753273703681,1753273703681,1753273703682,GBPUSD,ask,1.35342,5000.0,1.000,14
1753273703681,1753273703681,1753273703682,GBPUSD,bid,1.35331,50000.0,1.000,14
1753273703681,1753273703681,1753273703682,GBPUSD,bid,1.35317,200000.0,1.000,14
1753273703681,1753273703681,1753273703682,GBPUSD,bid,1.35337,5000.0,1.000,14
1753273703681,1753273703681,1753273703682,GBPUSD,bid,1.35339,1000.0,1.000,14
1753273703681,1753273703681,1753273703682,GBPUSD,bid,1.35336,10000.0,1.000,14
1753273703681,1753273703681,1753273703682,GBPUSD,bid,1.35332,30000.0,1.000,14
1753273703681,1753273703681,1753273703682,GBPUSD,bid,1.35326,100000.0,1.000,14
1753273703681,1753273703681,1753273703682,GBPUSD,ask,1.35344,10000.0,1.000,14
1753273703681,1753273703681,1753273703682,GBPUSD,ask,1.35348,50000.0,1.000,14
1753273703681,1753273703681,1753273703682,GBPUSD,ask,1.35364,200000.0,1.000,14
1753273703681,1753273703681,1753273703682,GBPUSD,ask,1.35354,100000.0,1.000,14
1753273704128,1753273704128,1753273704128,GBPUSD,bid,1.35332,30000.0,0.000,14
1753273704128,1753273704128,1753273704128,GBPUSD,bid,1.35326,100000.0,0.000,14
1753273704128,1753273704128,1753273704128,GBPUSD,ask,1.35345,30000.0,0.000,14
1753273704128,1753273704128,1753273704128,GBPUSD,ask,1.35342,10000.0,0.000,14
1753273704128,1753273704128,1753273704128,GBPUSD,ask,1.35341,5000.0,0.000,14
1753273704128,1753273704128,1753273704128,GBPUSD,ask,1.35339,1000.0,0.000,14
1753273704128,1753273704128,1753273704128,GBPUSD,ask,1.35346,50000.0,0.000,14
1753273704128,1753273704128,1753273704128,GBPUSD,ask,1.35352,100000.0,0.000,14
1753273704128,1753273704128,1753273704128,GBPUSD,ask,1.35362,200000.0,0.000,14
1753273704128,1753273704128,1753273704128,GBPUSD,bid,1.35338,1000.0,0.000,14
1753273704128,1753273704128,1753273704128,GBPUSD,bid,1.35330,50000.0,0.000,14
1753273704128,1753273704128,1753273704128,GBPUSD,bid,1.35335,10000.0,0.000,14
1753273704128,1753273704128,1753273704128,GBPUSD,bid,1.35336,5000.0,0.000,14
1753273704128,1753273704128,1753273704128,GBPUSD,bid,1.35316,200000.0,0.000,14
1753273704487,1753273704487,1753273704487,GBPUSD,bid,1.35332,30000.0,0.000,14
1753273704487,1753273704487,1753273704487,GBPUSD,bid,1.35326,100000.0,0.000,14
1753273704487,1753273704487,1753273704487,GBPUSD,ask,1.35345,30000.0,0.000,14
1753273704487,1753273704487,1753273704487,GBPUSD,ask,1.35342,10000.0,0.000,14
1753273704487,1753273704487,1753273704487,GBPUSD,ask,1.35341,5000.0,0.000,14
1753273704487,1753273704487,1753273704487,GBPUSD,ask,1.35339,1000.0,0.000,14
1753273704487,1753273704487,1753273704487,GBPUSD,ask,1.35346,50000.0,0.000,14
1753273704487,1753273704487,1753273704487,GBPUSD,ask,1.35352,100000.0,0.000,14
1753273704487,1753273704487,1753273704487,GBPUSD,ask,1.35362,200000.0,0.000,14
1753273704487,1753273704487,1753273704487,GBPUSD,bid,1.35338,1000.0,0.000,14
1753273704487,1753273704487,1753273704487,GBPUSD,bid,1.35330,50000.0,0.000,14
1753273704487,1753273704487,1753273704487,GBPUSD,bid,1.35335,10000.0,0.000,14
1753273704487,1753273704487,1753273704487,GBPUSD,bid,1.35336,5000.0,0.000,14
1753273704487,1753273704487,1753273704487,GBPUSD,bid,1.35317,200000.0,0.000,14
1753273705485,1753273705485,1753273705485,GBPUSD,bid,1.35317,200000.0,0.000,14
1753273705485,1753273705485,1753273705485,GBPUSD,ask,1.35340,1000.0,0.000,14
1753273705485,1753273705485,1753273705485,GBPUSD,ask,1.35353,100000.0,0.000,14
1753273705485,1753273705485,1753273705485,GBPUSD,ask,1.35363,200000.0,0.000,14
1753273705485,1753273705485,1753273705485,GBPUSD,ask,1.35347,50000.0,0.000,14
1753273705485,1753273705485,1753273705485,GBPUSD,ask,1.35343,10000.0,0.000,14
1753273705485,1753273705485,1753273705485,GBPUSD,ask,1.35342,5000.0,0.000,14
1753273705485,1753273705485,1753273705485,GBPUSD,ask,1.35346,30000.0,0.000,14
1753273705485,1753273705485,1753273705485,GBPUSD,bid,1.35339,1000.0,0.000,14
1753273705485,1753273705485,1753273705485,GBPUSD,bid,1.35327,100000.0,0.000,14
1753273705485,1753273705485,1753273705485,GBPUSD,bid,1.35331,50000.0,0.000,14
1753273705485,1753273705485,1753273705485,GBPUSD,bid,1.35337,5000.0,0.000,14
1753273705485,1753273705485,1753273705485,GBPUSD,bid,1.35333,30000.0,0.000,14
1753273705485,1753273705485,1753273705485,GBPUSD,bid,1.35336,10000.0,0.000,14
1753273705677,1753273705677,1753273705677,GBPUSD,bid,1.35317,200000.0,0.000,14
1753273705677,1753273705677,1753273705677,GBPUSD,ask,1.35340,1000.0,0.000,14
1753273705677,1753273705677,1753273705677,GBPUSD,ask,1.35353,100000.0,0.000,14
1753273705677,1753273705677,1753273705677,GBPUSD,ask,1.35363,200000.0,0.000,14
1753273705677,1753273705677,1753273705677,GBPUSD,ask,1.35347,50000.0,0.000,14
1753273705677,1753273705677,1753273705677,GBPUSD,ask,1.35343,10000.0,0.000,14
1753273705677,1753273705677,1753273705677,GBPUSD,ask,1.35342,5000.0,0.000,14
1753273705677,1753273705677,1753273705677,GBPUSD,ask,1.35346,30000.0,0.000,14
1753273705677,1753273705677,1753273705677,GBPUSD,bid,1.35339,1000.0,0.000,14
1753273705677,1753273705677,1753273705677,GBPUSD,bid,1.35331,50000.0,0.000,14
1753273705677,1753273705677,1753273705677,GBPUSD,bid,1.35337,5000.0,0.000,14
1753273705677,1753273705677,1753273705677,GBPUSD,bid,1.35336,10000.0,0.000,14
1753273705677,1753273705677,1753273705677,GBPUSD,bid,1.35332,30000.0,0.000,14
1753273705677,1753273705677,1753273705677,GBPUSD,bid,1.35326,100000.0,0.000,14
1753273707314,1753273707314,1753273707314,GBPUSD,bid,1.35317,200000.0,0.000,14
1753273707314,1753273707314,1753273707314,GBPUSD,ask,1.35340,1000.0,0.000,14
1753273707314,1753273707314,1753273707314,GBPUSD,ask,1.35342,5000.0,0.000,14
1753273707314,1753273707314,1753273707314,GBPUSD,ask,1.35346,30000.0,0.000,14
1753273707314,1753273707314,1753273707314,GBPUSD,bid,1.35339,1000.0,0.000,14
1753273707314,1753273707314,1753273707314,GBPUSD,bid,1.35331,50000.0,0.000,14
1753273707314,1753273707314,1753273707314,GBPUSD,bid,1.35337,5000.0,0.000,14
1753273707314,1753273707314,1753273707314,GBPUSD,bid,1.35336,10000.0,0.000,14
1753273707314,1753273707314,1753273707314,GBPUSD,ask,1.35364,200000.0,0.000,14
1753273707314,1753273707314,1753273707314,GBPUSD,ask,1.35354,100000.0,0.000,14
1753273707314,1753273707314,1753273707314,GBPUSD,ask,1.35348,50000.0,0.000,14
1753273707314,1753273707314,1753273707314,GBPUSD,ask,1.35344,10000.0,0.000,14
1753273707314,1753273707314,1753273707314,GBPUSD,bid,1.35333,30000.0,0.000,14
1753273707314,1753273707314,1753273707314,GBPUSD,bid,1.35327,100000.0,0.000,14
1753273708293,1753273708293,1753273708293,GBPUSD,ask,1.35340,1000.0,0.000,14
1753273708293,1753273708293,1753273708293,GBPUSD,ask,1.35342,5000.0,0.000,14
1753273708293,1753273708293,1753273708293,GBPUSD,ask,1.35346,30000.0,0.000,14
1753273708293,1753273708293,1753273708293,GBPUSD,bid,1.35339,1000.0,0.000,14
1753273708293,1753273708293,1753273708293,GBPUSD,bid,1.35331,50000.0,0.000,14
1753273708293,1753273708293,1753273708293,GBPUSD,bid,1.35337,5000.0,0.000,14
1753273708293,1753273708293,1753273708293,GBPUSD,bid,1.35336,10000.0,0.000,14
1753273708293,1753273708293,1753273708293,GBPUSD,ask,1.35364,200000.0,0.000,14
1753273708293,1753273708293,1753273708293,GBPUSD,ask,1.35354,100000.0,0.000,14
1753273708293,1753273708293,1753273708293,GBPUSD,ask,1.35348,50000.0,0.000,14
1753273708293,1753273708293,1753273708293,GBPUSD,ask,1.35344,10000.0,0.000,14
1753273708293,1753273708293,1753273708293,GBPUSD,bid,1.35332,30000.0,0.000,14
1753273708293,1753273708293,1753273708293,GBPUSD,bid,1.35316,200000.0,0.000,14
1753273708293,1753273708293,1753273708293,GBPUSD,bid,1.35326,100000.0,0.000,14
1753273708481,1753273708481,1753273708482,GBPUSD,ask,1.35340,1000.0,1.000,14
1753273708481,1753273708481,1753273708482,GBPUSD,ask,1.35342,5000.0,1.000,14
1753273708481,1753273708481,1753273708482,GBPUSD,bid,1.35339,1000.0,1.000,14
1753273708481,1753273708481,1753273708482,GBPUSD,bid,1.35331,50000.0,1.000,14
1753273708481,1753273708481,1753273708482,GBPUSD,bid,1.35337,5000.0,1.000,14
1753273708481,1753273708481,1753273708482,GBPUSD,bid,1.35336,10000.0,1.000,14
1753273708481,1753273708481,1753273708482,GBPUSD,bid,1.35332,30000.0,1.000,14
1753273708481,1753273708481,1753273708482,GBPUSD,bid,1.35316,200000.0,1.000,14
1753273708481,1753273708481,1753273708482,GBPUSD,bid,1.35326,100000.0,1.000,14
1753273708481,1753273708481,1753273708482,GBPUSD,ask,1.35345,30000.0,1.000,14
1753273708481,1753273708481,1753273708482,GBPUSD,ask,1.35343,10000.0,1.000,14
1753273708481,1753273708481,1753273708482,GBPUSD,ask,1.35347,50000.0,1.000,14
1753273708481,1753273708481,1753273708482,GBPUSD,ask,1.35362,200000.0,1.000,14
1753273708481,1753273708481,1753273708482,GBPUSD,ask,1.35352,100000.0,1.000,14
1753273711322,1753273711322,1753273711322,GBPUSD,ask,1.35340,1000.0,0.000,14
1753273711322,1753273711322,1753273711322,GBPUSD,ask,1.35342,5000.0,0.000,14
1753273711322,1753273711322,1753273711322,GBPUSD,bid,1.35339,1000.0,0.000,14
1753273711322,1753273711322,1753273711322,GBPUSD,bid,1.35331,50000.0,0.000,14
1753273711322,1753273711322,1753273711322,GBPUSD,bid,1.35337,5000.0,0.000,14
1753273711322,1753273711322,1753273711322,GBPUSD,bid,1.35336,10000.0,0.000,14
1753273711322,1753273711322,1753273711322,GBPUSD,bid,1.35332,30000.0,0.000,14
1753273711322,1753273711322,1753273711322,GBPUSD,bid,1.35326,100000.0,0.000,14
1753273711322,1753273711322,1753273711322,GBPUSD,ask,1.35345,30000.0,0.000,14
1753273711322,1753273711322,1753273711322,GBPUSD,ask,1.35343,10000.0,0.000,14
1753273711322,1753273711322,1753273711322,GBPUSD,ask,1.35347,50000.0,0.000,14
1753273711322,1753273711322,1753273711322,GBPUSD,ask,1.35362,200000.0,0.000,14
1753273711322,1753273711322,1753273711322,GBPUSD,ask,1.35352,100000.0,0.000,14
1753273711322,1753273711322,1753273711322,GBPUSD,bid,1.35317,200000.0,0.000,14
1753273711489,1753273711489,1753273711489,GBPUSD,ask,1.35340,1000.0,0.000,14
1753273711489,1753273711489,1753273711489,GBPUSD,ask,1.35342,5000.0,0.000,14
1753273711489,1753273711489,1753273711489,GBPUSD,bid,1.35339,1000.0,0.000,14
1753273711489,1753273711489,1753273711489,GBPUSD,bid,1.35331,50000.0,0.000,14
1753273711489,1753273711489,1753273711489,GBPUSD,bid,1.35337,5000.0,0.000,14
1753273711489,1753273711489,1753273711489,GBPUSD,bid,1.35336,10000.0,0.000,14
1753273711489,1753273711489,1753273711489,GBPUSD,bid,1.35332,30000.0,0.000,14
1753273711489,1753273711489,1753273711489,GBPUSD,bid,1.35326,100000.0,0.000,14
1753273711489,1753273711489,1753273711489,GBPUSD,ask,1.35343,10000.0,0.000,14
1753273711489,1753273711489,1753273711489,GBPUSD,ask,1.35347,50000.0,0.000,14
1753273711489,1753273711489,1753273711489,GBPUSD,ask,1.35362,200000.0,0.000,14
1753273711489,1753273711489,1753273711489,GBPUSD,ask,1.35353,100000.0,0.000,14
1753273711489,1753273711489,1753273711489,GBPUSD,ask,1.35346,30000.0,0.000,14
1753273711489,1753273711489,1753273711489,GBPUSD,bid,1.35316,200000.0,0.000,14
1753273711679,1753273711679,1753273711679,GBPUSD,ask,1.35340,1000.0,0.000,14
1753273711679,1753273711679,1753273711679,GBPUSD,ask,1.35342,5000.0,0.000,14
1753273711679,1753273711679,1753273711679,GBPUSD,bid,1.35339,1000.0,0.000,14
1753273711679,1753273711679,1753273711679,GBPUSD,bid,1.35331,50000.0,0.000,14
1753273711679,1753273711679,1753273711679,GBPUSD,bid,1.35337,5000.0,0.000,14
1753273711679,1753273711679,1753273711679,GBPUSD,bid,1.35336,10000.0,0.000,14
1753273711679,1753273711679,1753273711679,GBPUSD,ask,1.35343,10000.0,0.000,14
1753273711679,1753273711679,1753273711679,GBPUSD,ask,1.35347,50000.0,0.000,14
1753273711679,1753273711679,1753273711679,GBPUSD,ask,1.35362,200000.0,0.000,14
1753273711679,1753273711679,1753273711679,GBPUSD,ask,1.35345,30000.0,0.000,14
1753273711679,1753273711679,1753273711679,GBPUSD,ask,1.35352,100000.0,0.000,14
1753273711679,1753273711679,1753273711679,GBPUSD,bid,1.35333,30000.0,0.000,14
1753273711679,1753273711679,1753273711679,GBPUSD,bid,1.35327,100000.0,0.000,14
1753273711679,1753273711679,1753273711679,GBPUSD,bid,1.35317,200000.0,0.000,14
1753273711899,1753273711899,1753273711899,GBPUSD,ask,1.35340,1000.0,0.000,14
1753273711899,1753273711899,1753273711899,GBPUSD,ask,1.35342,5000.0,0.000,14
1753273711899,1753273711899,1753273711899,GBPUSD,bid,1.35339,1000.0,0.000,14
1753273711899,1753273711899,1753273711899,GBPUSD,bid,1.35331,50000.0,0.000,14
1753273711899,1753273711899,1753273711899,GBPUSD,bid,1.35337,5000.0,0.000,14
1753273711899,1753273711899,1753273711899,GBPUSD,bid,1.35336,10000.0,0.000,14
1753273711899,1753273711899,1753273711899,GBPUSD,ask,1.35343,10000.0,0.000,14
1753273711899,1753273711899,1753273711899,GBPUSD,ask,1.35347,50000.0,0.000,14
1753273711899,1753273711899,1753273711899,GBPUSD,ask,1.35345,30000.0,0.000,14
1753273711899,1753273711899,1753273711899,GBPUSD,ask,1.35352,100000.0,0.000,14
1753273711899,1753273711899,1753273711899,GBPUSD,ask,1.35361,200000.0,0.000,14
1753273711899,1753273711899,1753273711899,GBPUSD,bid,1.35326,100000.0,0.000,14
1753273711899,1753273711899,1753273711899,GBPUSD,bid,1.35332,30000.0,0.000,14
1753273711899,1753273711899,1753273711899,GBPUSD,bid,1.35316,200000.0,0.000,14
1753273712681,1753273712681,1753273712681,GBPUSD,ask,1.35340,1000.0,0.000,14
1753273712681,1753273712681,1753273712681,GBPUSD,ask,1.35342,5000.0,0.000,14
1753273712681,1753273712681,1753273712681,GBPUSD,bid,1.35339,1000.0,0.000,14
1753273712681,1753273712681,1753273712681,GBPUSD,bid,1.35331,50000.0,0.000,14
1753273712681,1753273712681,1753273712681,GBPUSD,bid,1.35337,5000.0,0.000,14
1753273712681,1753273712681,1753273712681,GBPUSD,bid,1.35336,10000.0,0.000,14
1753273712681,1753273712681,1753273712681,GBPUSD,ask,1.35343,10000.0,0.000,14
1753273712681,1753273712681,1753273712681,GBPUSD,ask,1.35347,50000.0,0.000,14
1753273712681,1753273712681,1753273712681,GBPUSD,ask,1.35345,30000.0,0.000,14
1753273712681,1753273712681,1753273712681,GBPUSD,ask,1.35352,100000.0,0.000,14
1753273712681,1753273712681,1753273712681,GBPUSD,bid,1.35326,100000.0,0.000,14
1753273712681,1753273712681,1753273712681,GBPUSD,bid,1.35332,30000.0,0.000,14
1753273712681,1753273712681,1753273712681,GBPUSD,bid,1.35316,200000.0,0.000,14
1753273712681,1753273712681,1753273712681,GBPUSD,ask,1.35362,200000.0,0.000,14
1753273713288,1753273713288,1753273713289,GBPUSD,ask,1.35341,5000.0,1.000,14
1753273713288,1753273713288,1753273713289,GBPUSD,ask,1.35342,10000.0,1.000,14
1753273713288,1753273713288,1753273713289,GBPUSD,ask,1.35339,1000.0,1.000,14
1753273713288,1753273713288,1753273713289,GBPUSD,ask,1.35361,200000.0,1.000,14
1753273713288,1753273713288,1753273713289,GBPUSD,ask,1.35344,30000.0,1.000,14
1753273713288,1753273713288,1753273713289,GBPUSD,ask,1.35351,100000.0,1.000,14
1753273713288,1753273713288,1753273713289,GBPUSD,ask,1.35346,50000.0,1.000,14
1753273713288,1753273713288,1753273713289,GBPUSD,bid,1.35325,100000.0,1.000,14
1753273713288,1753273713288,1753273713289,GBPUSD,bid,1.35315,200000.0,1.000,14
1753273713288,1753273713288,1753273713289,GBPUSD,bid,1.35331,30000.0,1.000,14
1753273713288,1753273713288,1753273713289,GBPUSD,bid,1.35338,1000.0,1.000,14
1753273713288,1753273713288,1753273713289,GBPUSD,bid,1.35330,50000.0,1.000,14
1753273713288,1753273713288,1753273713289,GBPUSD,bid,1.35336,5000.0,1.000,14
1753273713288,1753273713288,1753273713289,GBPUSD,bid,1.35335,10000.0,1.000,14
1753273715085,1753273715085,1753273715085,GBPUSD,ask,1.35344,30000.0,0.000,14
1753273715085,1753273715085,1753273715085,GBPUSD,ask,1.35351,100000.0,0.000,14
1753273715085,1753273715085,1753273715085,GBPUSD,bid,1.35325,100000.0,0.000,14
1753273715085,1753273715085,1753273715085,GBPUSD,bid,1.35315,200000.0,0.000,14
1753273715085,1753273715085,1753273715085,GBPUSD,bid,1.35331,30000.0,0.000,14
1753273715085,1753273715085,1753273715085,GBPUSD,ask,1.35341,10000.0,0.000,14
1753273715085,1753273715085,1753273715085,GBPUSD,ask,1.35345,50000.0,0.000,14
1753273715085,1753273715085,1753273715085,GBPUSD,ask,1.35340,5000.0,0.000,14
1753273715085,1753273715085,1753273715085,GBPUSD,ask,1.35338,1000.0,0.000,14
1753273715085,1753273715085,1753273715085,GBPUSD,ask,1.35360,200000.0,0.000,14
1753273715085,1753273715085,1753273715085,GBPUSD,bid,1.35334,10000.0,0.000,14
1753273715085,1753273715085,1753273715085,GBPUSD,bid,1.35335,5000.0,0.000,14
1753273715085,1753273715085,1753273715085,GBPUSD,bid,1.35329,50000.0,0.000,14
1753273715085,1753273715085,1753273715085,GBPUSD,bid,1.35337,1000.0,0.000,14
1753273715299,1753273715299,1753273715299,GBPUSD,ask,1.35344,30000.0,0.000,14
1753273715299,1753273715299,1753273715299,GBPUSD,ask,1.35351,100000.0,0.000,14
1753273715299,1753273715299,1753273715299,GBPUSD,bid,1.35325,100000.0,0.000,14
1753273715299,1753273715299,1753273715299,GBPUSD,bid,1.35315,200000.0,0.000,14
1753273715299,1753273715299,1753273715299,GBPUSD,bid,1.35331,30000.0,0.000,14
1753273715299,1753273715299,1753273715299,GBPUSD,ask,1.35342,10000.0,0.000,14
1753273715299,1753273715299,1753273715299,GBPUSD,ask,1.35339,1000.0,0.000,14
1753273715299,1753273715299,1753273715299,GBPUSD,ask,1.35341,5000.0,0.000,14
1753273715299,1753273715299,1753273715299,GBPUSD,ask,1.35361,200000.0,0.000,14
1753273715299,1753273715299,1753273715299,GBPUSD,ask,1.35346,50000.0,0.000,14
1753273715299,1753273715299,1753273715299,GBPUSD,bid,1.35338,1000.0,0.000,14
1753273715299,1753273715299,1753273715299,GBPUSD,bid,1.35330,50000.0,0.000,14
1753273715299,1753273715299,1753273715299,GBPUSD,bid,1.35336,5000.0,0.000,14
1753273715299,1753273715299,1753273715299,GBPUSD,bid,1.35335,10000.0,0.000,14
1753273716088,1753273716088,1753273716088,GBPUSD,ask,1.35350,5000.0,0.000,14
1753273716088,1753273716088,1753273716088,GBPUSD,ask,1.35360,100000.0,0.000,14
1753273716088,1753273716088,1753273716088,GBPUSD,ask,1.35353,30000.0,0.000,14
1753273716088,1753273716088,1753273716088,GBPUSD,ask,1.35370,200000.0,0.000,14
1753273716088,1753273716088,1753273716088,GBPUSD,ask,1.35355,50000.0,0.000,14
1753273716088,1753273716088,1753273716088,GBPUSD,ask,1.35351,10000.0,0.000,14
1753273716088,1753273716088,1753273716088,GBPUSD,ask,1.35348,1000.0,0.000,14
1753273716088,1753273716088,1753273716088,GBPUSD,bid,1.35326,200000.0,0.000,14
1753273716088,1753273716088,1753273716088,GBPUSD,bid,1.35341,30000.0,0.000,14
1753273716088,1753273716088,1753273716088,GBPUSD,bid,1.35347,1000.0,0.000,14
1753273716088,1753273716088,1753273716088,GBPUSD,bid,1.35339,50000.0,0.000,14
1753273716088,1753273716088,1753273716088,GBPUSD,bid,1.35344,10000.0,0.000,14
1753273716088,1753273716088,1753273716088,GBPUSD,bid,1.35345,5000.0,0.000,14
1753273716088,1753273716088,1753273716088,GBPUSD,bid,1.35335,100000.0,0.000,14
1753273716295,1753273716295,1753273716295,GBPUSD,ask,1.35370,200000.0,0.000,14
1753273716295,1753273716295,1753273716295,GBPUSD,ask,1.35349,1000.0,0.000,14
1753273716295,1753273716295,1753273716295,GBPUSD,ask,1.35354,30000.0,0.000,14
1753273716295,1753273716295,1753273716295,GBPUSD,ask,1.35356,50000.0,0.000,14
1753273716295,1753273716295,1753273716295,GBPUSD,ask,1.35352,10000.0,0.000,14
1753273716295,1753273716295,1753273716295,GBPUSD,ask,1.35361,100000.0,0.000,14
