source_timestamp_ms,received_timestamp_ms,log_timestamp_ms,symbol,side,price,volume,latency_ms,total_quotes
1753273654534,1753273654534,1753273654534,USDJPY,ask,146.40500,100000.0,0.000,14
1753273654534,1753273654534,1753273654534,USDJPY,ask,146.39700,30000.0,0.000,14
1753273654534,1753273654534,1753273654534,USDJPY,ask,146.41100,200000.0,0.000,14
1753273654534,1753273654534,1753273654534,USDJPY,ask,146.39200,10000.0,0.000,14
1753273654534,1753273654534,1753273654534,USDJPY,ask,146.39100,5000.0,0.000,14
1753273654534,1753273654534,1753273654534,USDJPY,ask,146.39900,50000.0,0.000,14
1753273654534,1753273654534,1753273654534,USDJPY,ask,146.38900,1000.0,0.000,14
1753273654534,1753273654534,1753273654534,USDJPY,bid,146.38400,30000.0,0.000,14
1753273654534,1753273654534,1753273654534,USDJPY,bid,146.38900,1000.0,0.000,14
1753273654534,1753273654534,1753273654534,USDJPY,bid,146.37100,200000.0,0.000,14
1753273654534,1753273654534,1753273654534,USDJPY,bid,146.37800,100000.0,0.000,14
1753273654534,1753273654534,1753273654534,USDJPY,bid,146.38700,5000.0,0.000,14
1753273654534,1753273654534,1753273654534,USDJPY,bid,146.38600,10000.0,0.000,14
1753273654534,1753273654534,1753273654534,USDJPY,bid,146.38200,50000.0,0.000,14
1753273655316,1753273655316,1753273655316,USDJPY,ask,146.41100,200000.0,0.000,14
1753273655316,1753273655316,1753273655316,USDJPY,ask,146.39100,10000.0,0.000,14
1753273655316,1753273655316,1753273655316,USDJPY,ask,146.39600,30000.0,0.000,14
1753273655316,1753273655316,1753273655316,USDJPY,ask,146.39800,50000.0,0.000,14
1753273655316,1753273655316,1753273655316,USDJPY,ask,146.38800,1000.0,0.000,14
1753273655316,1753273655316,1753273655316,USDJPY,ask,146.39000,5000.0,0.000,14
1753273655316,1753273655316,1753273655316,USDJPY,ask,146.40400,100000.0,0.000,14
1753273655316,1753273655316,1753273655316,USDJPY,bid,146.37700,100000.0,0.000,14
1753273655316,1753273655316,1753273655316,USDJPY,bid,146.38800,1000.0,0.000,14
1753273655316,1753273655316,1753273655316,USDJPY,bid,146.38300,30000.0,0.000,14
1753273655316,1753273655316,1753273655316,USDJPY,bid,146.38500,10000.0,0.000,14
1753273655316,1753273655316,1753273655316,USDJPY,bid,146.38100,50000.0,0.000,14
1753273655316,1753273655316,1753273655316,USDJPY,bid,146.38600,5000.0,0.000,14
1753273655316,1753273655316,1753273655316,USDJPY,bid,146.37000,200000.0,0.000,14
1753273655484,1753273655484,1753273655484,USDJPY,ask,146.41100,200000.0,0.000,14
1753273655484,1753273655484,1753273655484,USDJPY,ask,146.39100,10000.0,0.000,14
1753273655484,1753273655484,1753273655484,USDJPY,ask,146.39600,30000.0,0.000,14
1753273655484,1753273655484,1753273655484,USDJPY,ask,146.38800,1000.0,0.000,14
1753273655484,1753273655484,1753273655484,USDJPY,ask,146.39000,5000.0,0.000,14
1753273655484,1753273655484,1753273655484,USDJPY,ask,146.40400,100000.0,0.000,14
1753273655484,1753273655484,1753273655484,USDJPY,bid,146.37700,100000.0,0.000,14
1753273655484,1753273655484,1753273655484,USDJPY,bid,146.38800,1000.0,0.000,14
1753273655484,1753273655484,1753273655484,USDJPY,bid,146.38300,30000.0,0.000,14
1753273655484,1753273655484,1753273655484,USDJPY,bid,146.38500,10000.0,0.000,14
1753273655484,1753273655484,1753273655484,USDJPY,bid,146.38100,50000.0,0.000,14
1753273655484,1753273655484,1753273655484,USDJPY,bid,146.38600,5000.0,0.000,14
1753273655484,1753273655484,1753273655484,USDJPY,bid,146.37000,200000.0,0.000,14
1753273655484,1753273655484,1753273655484,USDJPY,ask,146.39900,50000.0,0.000,14
1753273655893,1753273655893,1753273655893,USDJPY,ask,146.39100,10000.0,0.000,14
1753273655893,1753273655893,1753273655893,USDJPY,ask,146.39600,30000.0,0.000,14
1753273655893,1753273655893,1753273655893,USDJPY,ask,146.38800,1000.0,0.000,14
1753273655893,1753273655893,1753273655893,USDJPY,ask,146.39000,5000.0,0.000,14
1753273655893,1753273655893,1753273655893,USDJPY,ask,146.40400,100000.0,0.000,14
1753273655893,1753273655893,1753273655893,USDJPY,bid,146.37700,100000.0,0.000,14
1753273655893,1753273655893,1753273655893,USDJPY,bid,146.38800,1000.0,0.000,14
1753273655893,1753273655893,1753273655893,USDJPY,bid,146.38300,30000.0,0.000,14
1753273655893,1753273655893,1753273655893,USDJPY,bid,146.38500,10000.0,0.000,14
1753273655893,1753273655893,1753273655893,USDJPY,bid,146.38600,5000.0,0.000,14
1753273655893,1753273655893,1753273655893,USDJPY,ask,146.41000,200000.0,0.000,14
1753273655893,1753273655893,1753273655893,USDJPY,ask,146.39800,50000.0,0.000,14
1753273655893,1753273655893,1753273655893,USDJPY,bid,146.37100,200000.0,0.000,14
1753273655893,1753273655893,1753273655893,USDJPY,bid,146.38200,50000.0,0.000,14
1753273656073,1753273656073,1753273656073,USDJPY,bid,146.37100,200000.0,0.000,14
1753273656073,1753273656073,1753273656073,USDJPY,ask,146.39800,30000.0,0.000,14
1753273656073,1753273656073,1753273656073,USDJPY,ask,146.38900,1000.0,0.000,14
1753273656073,1753273656073,1753273656073,USDJPY,ask,146.40700,100000.0,0.000,14
1753273656073,1753273656073,1753273656073,USDJPY,ask,146.40100,50000.0,0.000,14
1753273656073,1753273656073,1753273656073,USDJPY,ask,146.41400,200000.0,0.000,14
1753273656073,1753273656073,1753273656073,USDJPY,ask,146.39200,10000.0,0.000,14
1753273656073,1753273656073,1753273656073,USDJPY,ask,146.39100,5000.0,0.000,14
1753273656073,1753273656073,1753273656073,USDJPY,bid,146.38700,5000.0,0.000,14
1753273656073,1753273656073,1753273656073,USDJPY,bid,146.38400,30000.0,0.000,14
1753273656073,1753273656073,1753273656073,USDJPY,bid,146.38300,50000.0,0.000,14
1753273656073,1753273656073,1753273656073,USDJPY,bid,146.38600,10000.0,0.000,14
1753273656073,1753273656073,1753273656073,USDJPY,bid,146.37800,100000.0,0.000,14
1753273656073,1753273656073,1753273656073,USDJPY,bid,146.38900,1000.0,0.000,14
1753273656314,1753273656314,1753273656314,USDJPY,ask,146.38000,1000.0,0.000,14
1753273656314,1753273656314,1753273656314,USDJPY,ask,146.38200,5000.0,0.000,14
1753273656314,1753273656314,1753273656314,USDJPY,ask,146.39300,100000.0,0.000,14
1753273656314,1753273656314,1753273656314,USDJPY,ask,146.38800,50000.0,0.000,14
1753273656314,1753273656314,1753273656314,USDJPY,ask,146.40000,200000.0,0.000,14
1753273656314,1753273656314,1753273656314,USDJPY,ask,146.38300,10000.0,0.000,14
1753273656314,1753273656314,1753273656314,USDJPY,ask,146.38600,30000.0,0.000,14
1753273656314,1753273656314,1753273656314,USDJPY,bid,146.36800,100000.0,0.000,14
1753273656314,1753273656314,1753273656314,USDJPY,bid,146.37300,50000.0,0.000,14
1753273656314,1753273656314,1753273656314,USDJPY,bid,146.37800,5000.0,0.000,14
1753273656314,1753273656314,1753273656314,USDJPY,bid,146.37400,30000.0,0.000,14
1753273656314,1753273656314,1753273656314,USDJPY,bid,146.37700,10000.0,0.000,14
1753273656314,1753273656314,1753273656314,USDJPY,bid,146.36200,200000.0,0.000,14
1753273656314,1753273656314,1753273656314,USDJPY,bid,146.38000,1000.0,0.000,14
1753273656477,1753273656477,1753273656477,USDJPY,ask,146.38000,1000.0,0.000,14
1753273656477,1753273656477,1753273656477,USDJPY,ask,146.38200,5000.0,0.000,14
1753273656477,1753273656477,1753273656477,USDJPY,ask,146.38300,10000.0,0.000,14
1753273656477,1753273656477,1753273656477,USDJPY,bid,146.37800,5000.0,0.000,14
1753273656477,1753273656477,1753273656477,USDJPY,bid,146.37700,10000.0,0.000,14
1753273656477,1753273656477,1753273656477,USDJPY,bid,146.38000,1000.0,0.000,14
1753273656477,1753273656477,1753273656477,USDJPY,ask,146.39400,100000.0,0.000,14
1753273656477,1753273656477,1753273656477,USDJPY,ask,146.38900,50000.0,0.000,14
1753273656477,1753273656477,1753273656477,USDJPY,ask,146.40100,200000.0,0.000,14
1753273656477,1753273656477,1753273656477,USDJPY,ask,146.38700,30000.0,0.000,14
1753273656477,1753273656477,1753273656477,USDJPY,bid,146.37500,30000.0,0.000,14
1753273656477,1753273656477,1753273656477,USDJPY,bid,146.36300,200000.0,0.000,14
1753273656477,1753273656477,1753273656477,USDJPY,bid,146.36900,100000.0,0.000,14
1753273656477,1753273656477,1753273656477,USDJPY,bid,146.37400,50000.0,0.000,14
1753273656714,1753273656714,1753273656715,USDJPY,ask,146.37900,1000.0,1.000,14
1753273656714,1753273656714,1753273656715,USDJPY,ask,146.38100,5000.0,1.000,14
1753273656714,1753273656714,1753273656715,USDJPY,ask,146.38200,10000.0,1.000,14
1753273656714,1753273656714,1753273656715,USDJPY,ask,146.38800,50000.0,1.000,14
1753273656714,1753273656714,1753273656715,USDJPY,ask,146.39300,100000.0,1.000,14
1753273656714,1753273656714,1753273656715,USDJPY,ask,146.38600,30000.0,1.000,14
1753273656714,1753273656714,1753273656715,USDJPY,ask,146.39900,200000.0,1.000,14
1753273656714,1753273656714,1753273656715,USDJPY,bid,146.36200,200000.0,1.000,14
1753273656714,1753273656714,1753273656715,USDJPY,bid,146.37700,5000.0,1.000,14
1753273656714,1753273656714,1753273656715,USDJPY,bid,146.36800,100000.0,1.000,14
1753273656714,1753273656714,1753273656715,USDJPY,bid,146.37300,50000.0,1.000,14
1753273656714,1753273656714,1753273656715,USDJPY,bid,146.37900,1000.0,1.000,14
1753273656714,1753273656714,1753273656715,USDJPY,bid,146.37400,30000.0,1.000,14
1753273656714,1753273656714,1753273656715,USDJPY,bid,146.37600,10000.0,1.000,14
1753273656898,1753273656898,1753273656898,USDJPY,ask,146.37900,1000.0,0.000,14
1753273656898,1753273656898,1753273656898,USDJPY,ask,146.38100,5000.0,0.000,14
1753273656898,1753273656898,1753273656898,USDJPY,ask,146.38200,10000.0,0.000,14
1753273656898,1753273656898,1753273656898,USDJPY,ask,146.38800,50000.0,0.000,14
1753273656898,1753273656898,1753273656898,USDJPY,ask,146.39300,100000.0,0.000,14
1753273656898,1753273656898,1753273656898,USDJPY,ask,146.38600,30000.0,0.000,14
1753273656898,1753273656898,1753273656898,USDJPY,bid,146.37700,5000.0,0.000,14
1753273656898,1753273656898,1753273656898,USDJPY,bid,146.36800,100000.0,0.000,14
1753273656898,1753273656898,1753273656898,USDJPY,bid,146.37900,1000.0,0.000,14
1753273656898,1753273656898,1753273656898,USDJPY,bid,146.37400,30000.0,0.000,14
1753273656898,1753273656898,1753273656898,USDJPY,bid,146.37600,10000.0,0.000,14
1753273656898,1753273656898,1753273656898,USDJPY,ask,146.40000,200000.0,0.000,14
1753273656898,1753273656898,1753273656898,USDJPY,bid,146.36100,200000.0,0.000,14
1753273656898,1753273656898,1753273656898,USDJPY,bid,146.37200,50000.0,0.000,14
1753273657282,1753273657282,1753273657282,USDJPY,bid,146.37700,5000.0,0.000,14
1753273657282,1753273657282,1753273657282,USDJPY,bid,146.37900,1000.0,0.000,14
1753273657282,1753273657282,1753273657282,USDJPY,bid,146.37600,10000.0,0.000,14
1753273657282,1753273657282,1753273657282,USDJPY,ask,146.38900,30000.0,0.000,14
1753273657282,1753273657282,1753273657282,USDJPY,ask,146.38400,10000.0,0.000,14
1753273657282,1753273657282,1753273657282,USDJPY,ask,146.40300,200000.0,0.000,14
1753273657282,1753273657282,1753273657282,USDJPY,ask,146.38300,5000.0,0.000,14
1753273657282,1753273657282,1753273657282,USDJPY,ask,146.39100,50000.0,0.000,14
1753273657282,1753273657282,1753273657282,USDJPY,ask,146.39700,100000.0,0.000,14
1753273657282,1753273657282,1753273657282,USDJPY,ask,146.38100,1000.0,0.000,14
1753273657282,1753273657282,1753273657282,USDJPY,bid,146.36300,200000.0,0.000,14
1753273657282,1753273657282,1753273657282,USDJPY,bid,146.36900,100000.0,0.000,14
1753273657282,1753273657282,1753273657282,USDJPY,bid,146.37500,30000.0,0.000,14
1753273657282,1753273657282,1753273657282,USDJPY,bid,146.37400,50000.0,0.000,14
1753273657482,1753273657482,1753273657482,USDJPY,bid,146.37700,5000.0,0.000,14
1753273657482,1753273657482,1753273657482,USDJPY,bid,146.37900,1000.0,0.000,14
1753273657482,1753273657482,1753273657482,USDJPY,bid,146.37600,10000.0,0.000,14
1753273657482,1753273657482,1753273657482,USDJPY,ask,146.38900,30000.0,0.000,14
1753273657482,1753273657482,1753273657482,USDJPY,ask,146.38400,10000.0,0.000,14
1753273657482,1753273657482,1753273657482,USDJPY,ask,146.40300,200000.0,0.000,14
1753273657482,1753273657482,1753273657482,USDJPY,ask,146.38300,5000.0,0.000,14
1753273657482,1753273657482,1753273657482,USDJPY,ask,146.39100,50000.0,0.000,14
1753273657482,1753273657482,1753273657482,USDJPY,ask,146.38100,1000.0,0.000,14
1753273657482,1753273657482,1753273657482,USDJPY,bid,146.36300,200000.0,0.000,14
1753273657482,1753273657482,1753273657482,USDJPY,bid,146.36900,100000.0,0.000,14
1753273657482,1753273657482,1753273657482,USDJPY,bid,146.37500,30000.0,0.000,14
1753273657482,1753273657482,1753273657482,USDJPY,bid,146.37400,50000.0,0.000,14
1753273657482,1753273657482,1753273657482,USDJPY,ask,146.39600,100000.0,0.000,14
1753273657690,1753273657690,1753273657690,USDJPY,ask,146.38900,30000.0,0.000,14
1753273657690,1753273657690,1753273657690,USDJPY,ask,146.40300,200000.0,0.000,14
1753273657690,1753273657690,1753273657690,USDJPY,ask,146.39100,50000.0,0.000,14
1753273657690,1753273657690,1753273657690,USDJPY,ask,146.38500,10000.0,0.000,14
1753273657690,1753273657690,1753273657690,USDJPY,ask,146.38200,1000.0,0.000,14
1753273657690,1753273657690,1753273657690,USDJPY,ask,146.38400,5000.0,0.000,14
1753273657690,1753273657690,1753273657690,USDJPY,ask,146.39700,100000.0,0.000,14
1753273657690,1753273657690,1753273657690,USDJPY,bid,146.37600,30000.0,0.000,14
1753273657690,1753273657690,1753273657690,USDJPY,bid,146.37000,100000.0,0.000,14
1753273657690,1753273657690,1753273657690,USDJPY,bid,146.38000,1000.0,0.000,14
1753273657690,1753273657690,1753273657690,USDJPY,bid,146.36400,200000.0,0.000,14
1753273657690,1753273657690,1753273657690,USDJPY,bid,146.37800,5000.0,0.000,14
1753273657690,1753273657690,1753273657690,USDJPY,bid,146.37500,50000.0,0.000,14
1753273657690,1753273657690,1753273657690,USDJPY,bid,146.37700,10000.0,0.000,14
1753273657887,1753273657887,1753273657887,USDJPY,ask,146.38900,30000.0,0.000,14
1753273657887,1753273657887,1753273657887,USDJPY,ask,146.39100,50000.0,0.000,14
1753273657887,1753273657887,1753273657887,USDJPY,ask,146.38500,10000.0,0.000,14
1753273657887,1753273657887,1753273657887,USDJPY,ask,146.38200,1000.0,0.000,14
1753273657887,1753273657887,1753273657887,USDJPY,ask,146.38400,5000.0,0.000,14
1753273657887,1753273657887,1753273657887,USDJPY,bid,146.37600,30000.0,0.000,14
1753273657887,1753273657887,1753273657887,USDJPY,bid,146.37000,100000.0,0.000,14
1753273657887,1753273657887,1753273657887,USDJPY,bid,146.38000,1000.0,0.000,14
1753273657887,1753273657887,1753273657887,USDJPY,bid,146.36400,200000.0,0.000,14
1753273657887,1753273657887,1753273657887,USDJPY,bid,146.37800,5000.0,0.000,14
1753273657887,1753273657887,1753273657887,USDJPY,bid,146.37500,50000.0,0.000,14
1753273657887,1753273657887,1753273657887,USDJPY,bid,146.37700,10000.0,0.000,14
1753273657887,1753273657887,1753273657887,USDJPY,ask,146.39600,100000.0,0.000,14
1753273657887,1753273657887,1753273657887,USDJPY,ask,146.40200,200000.0,0.000,14
1753273658287,1753273658287,1753273658287,USDJPY,ask,146.38900,30000.0,0.000,14
1753273658287,1753273658287,1753273658287,USDJPY,ask,146.39100,50000.0,0.000,14
1753273658287,1753273658287,1753273658287,USDJPY,ask,146.38500,10000.0,0.000,14
1753273658287,1753273658287,1753273658287,USDJPY,ask,146.38200,1000.0,0.000,14
1753273658287,1753273658287,1753273658287,USDJPY,ask,146.38400,5000.0,0.000,14
1753273658287,1753273658287,1753273658287,USDJPY,bid,146.37000,100000.0,0.000,14
1753273658287,1753273658287,1753273658287,USDJPY,bid,146.38000,1000.0,0.000,14
1753273658287,1753273658287,1753273658287,USDJPY,bid,146.36400,200000.0,0.000,14
1753273658287,1753273658287,1753273658287,USDJPY,bid,146.37800,5000.0,0.000,14
1753273658287,1753273658287,1753273658287,USDJPY,bid,146.37700,10000.0,0.000,14
1753273658287,1753273658287,1753273658287,USDJPY,ask,146.39600,100000.0,0.000,14
1753273658287,1753273658287,1753273658287,USDJPY,ask,146.40200,200000.0,0.000,14
1753273658287,1753273658287,1753273658287,USDJPY,bid,146.37500,30000.0,0.000,14
1753273658287,1753273658287,1753273658287,USDJPY,bid,146.37400,50000.0,0.000,14
1753273659081,1753273659081,1753273659081,USDJPY,ask,146.38900,30000.0,0.000,14
1753273659081,1753273659081,1753273659081,USDJPY,ask,146.39100,50000.0,0.000,14
1753273659081,1753273659081,1753273659081,USDJPY,ask,146.38500,10000.0,0.000,14
1753273659081,1753273659081,1753273659081,USDJPY,ask,146.38200,1000.0,0.000,14
1753273659081,1753273659081,1753273659081,USDJPY,ask,146.38400,5000.0,0.000,14
1753273659081,1753273659081,1753273659081,USDJPY,bid,146.37000,100000.0,0.000,14
1753273659081,1753273659081,1753273659081,USDJPY,bid,146.38000,1000.0,0.000,14
1753273659081,1753273659081,1753273659081,USDJPY,bid,146.37800,5000.0,0.000,14
1753273659081,1753273659081,1753273659081,USDJPY,bid,146.37700,10000.0,0.000,14
1753273659081,1753273659081,1753273659081,USDJPY,ask,146.39600,100000.0,0.000,14
1753273659081,1753273659081,1753273659081,USDJPY,ask,146.40200,200000.0,0.000,14
1753273659081,1753273659081,1753273659081,USDJPY,bid,146.37500,30000.0,0.000,14
1753273659081,1753273659081,1753273659081,USDJPY,bid,146.37400,50000.0,0.000,14
1753273659081,1753273659081,1753273659081,USDJPY,bid,146.36300,200000.0,0.000,14
1753273659295,1753273659295,1753273659295,USDJPY,ask,146.39100,50000.0,0.000,14
1753273659295,1753273659295,1753273659295,USDJPY,ask,146.39600,100000.0,0.000,14
1753273659295,1753273659295,1753273659295,USDJPY,ask,146.40200,200000.0,0.000,14
1753273659295,1753273659295,1753273659295,USDJPY,ask,146.38300,5000.0,0.000,14
1753273659295,1753273659295,1753273659295,USDJPY,ask,146.38400,10000.0,0.000,14
1753273659295,1753273659295,1753273659295,USDJPY,ask,146.38100,1000.0,0.000,14
1753273659295,1753273659295,1753273659295,USDJPY,ask,146.38800,30000.0,0.000,14
1753273659295,1753273659295,1753273659295,USDJPY,bid,146.37000,50000.0,0.000,14
1753273659295,1753273659295,1753273659295,USDJPY,bid,146.37900,1000.0,0.000,14
1753273659295,1753273659295,1753273659295,USDJPY,bid,146.36500,100000.0,0.000,14
1753273659295,1753273659295,1753273659295,USDJPY,bid,146.37700,5000.0,0.000,14
1753273659295,1753273659295,1753273659295,USDJPY,bid,146.37500,10000.0,0.000,14
1753273659295,1753273659295,1753273659295,USDJPY,bid,146.37200,30000.0,0.000,14
1753273659295,1753273659295,1753273659295,USDJPY,bid,146.35800,200000.0,0.000,14
1753273659486,1753273659486,1753273659486,USDJPY,ask,146.38600,10000.0,0.000,14
1753273659486,1753273659486,1753273659486,USDJPY,ask,146.39000,30000.0,0.000,14
1753273659486,1753273659486,1753273659486,USDJPY,ask,146.39700,100000.0,0.000,14
1753273659486,1753273659486,1753273659486,USDJPY,ask,146.40300,200000.0,0.000,14
1753273659486,1753273659486,1753273659486,USDJPY,ask,146.39200,50000.0,0.000,14
1753273659486,1753273659486,1753273659486,USDJPY,ask,146.38500,5000.0,0.000,14
1753273659486,1753273659486,1753273659486,USDJPY,ask,146.38300,1000.0,0.000,14
1753273659486,1753273659486,1753273659486,USDJPY,bid,146.36800,100000.0,0.000,14
1753273659486,1753273659486,1753273659486,USDJPY,bid,146.38100,1000.0,0.000,14
1753273659486,1753273659486,1753273659486,USDJPY,bid,146.36100,200000.0,0.000,14
1753273659486,1753273659486,1753273659486,USDJPY,bid,146.37500,30000.0,0.000,14
1753273659486,1753273659486,1753273659486,USDJPY,bid,146.37900,5000.0,0.000,14
1753273659486,1753273659486,1753273659486,USDJPY,bid,146.37700,10000.0,0.000,14
1753273659486,1753273659486,1753273659486,USDJPY,bid,146.37300,50000.0,0.000,14
1753273659685,1753273659685,1753273659685,USDJPY,bid,146.37500,30000.0,0.000,14
1753273659685,1753273659685,1753273659685,USDJPY,bid,146.37700,10000.0,0.000,14
1753273659685,1753273659685,1753273659685,USDJPY,ask,146.38200,1000.0,0.000,14
1753273659685,1753273659685,1753273659685,USDJPY,ask,146.38900,30000.0,0.000,14
1753273659685,1753273659685,1753273659685,USDJPY,ask,146.40200,200000.0,0.000,14
1753273659685,1753273659685,1753273659685,USDJPY,ask,146.39100,50000.0,0.000,14
1753273659685,1753273659685,1753273659685,USDJPY,ask,146.38400,5000.0,0.000,14
1753273659685,1753273659685,1753273659685,USDJPY,ask,146.38500,10000.0,0.000,14
1753273659685,1753273659685,1753273659685,USDJPY,ask,146.39600,100000.0,0.000,14
1753273659685,1753273659685,1753273659685,USDJPY,bid,146.36900,100000.0,0.000,14
1753273659685,1753273659685,1753273659685,USDJPY,bid,146.37800,5000.0,0.000,14
1753273659685,1753273659685,1753273659685,USDJPY,bid,146.38000,1000.0,0.000,14
1753273659685,1753273659685,1753273659685,USDJPY,bid,146.36300,200000.0,0.000,14
1753273659685,1753273659685,1753273659685,USDJPY,bid,146.37400,50000.0,0.000,14
1753273660282,1753273660282,1753273660282,USDJPY,bid,146.37500,30000.0,0.000,14
1753273660282,1753273660282,1753273660282,USDJPY,bid,146.37700,10000.0,0.000,14
1753273660282,1753273660282,1753273660282,USDJPY,ask,146.38200,1000.0,0.000,14
1753273660282,1753273660282,1753273660282,USDJPY,ask,146.40200,200000.0,0.000,14
1753273660282,1753273660282,1753273660282,USDJPY,ask,146.38400,5000.0,0.000,14
1753273660282,1753273660282,1753273660282,USDJPY,ask,146.38500,10000.0,0.000,14
1753273660282,1753273660282,1753273660282,USDJPY,bid,146.36900,100000.0,0.000,14
1753273660282,1753273660282,1753273660282,USDJPY,bid,146.37800,5000.0,0.000,14
1753273660282,1753273660282,1753273660282,USDJPY,bid,146.38000,1000.0,0.000,14
1753273660282,1753273660282,1753273660282,USDJPY,bid,146.36300,200000.0,0.000,14
1753273660282,1753273660282,1753273660282,USDJPY,bid,146.37400,50000.0,0.000,14
1753273660282,1753273660282,1753273660282,USDJPY,ask,146.38800,30000.0,0.000,14
1753273660282,1753273660282,1753273660282,USDJPY,ask,146.39000,50000.0,0.000,14
1753273660282,1753273660282,1753273660282,USDJPY,ask,146.39500,100000.0,0.000,14
1753273660886,1753273660886,1753273660886,USDJPY,ask,146.38800,30000.0,0.000,13
1753273660886,1753273660886,1753273660886,USDJPY,ask,146.39000,50000.0,0.000,13
1753273660886,1753273660886,1753273660886,USDJPY,ask,146.39400,100000.0,0.000,13
1753273660886,1753273660886,1753273660886,USDJPY,ask,146.40100,200000.0,0.000,13
1753273660886,1753273660886,1753273660886,USDJPY,ask,146.38300,1000.0,0.000,13
1753273660886,1753273660886,1753273660886,USDJPY,ask,146.38500,15000.0,0.000,13
1753273660886,1753273660886,1753273660886,USDJPY,bid,146.37600,30000.0,0.000,13
1753273660886,1753273660886,1753273660886,USDJPY,bid,146.37000,100000.0,0.000,13
1753273660886,1753273660886,1753273660886,USDJPY,bid,146.36400,200000.0,0.000,13
1753273660886,1753273660886,1753273660886,USDJPY,bid,146.37900,5000.0,0.000,13
1753273660886,1753273660886,1753273660886,USDJPY,bid,146.37800,10000.0,0.000,13
1753273660886,1753273660886,1753273660886,USDJPY,bid,146.37500,50000.0,0.000,13
1753273660886,1753273660886,1753273660886,USDJPY,bid,146.38100,1000.0,0.000,13
1753273661291,1753273661291,1753273661291,USDJPY,ask,146.39000,50000.0,0.000,13
1753273661291,1753273661291,1753273661291,USDJPY,ask,146.40100,200000.0,0.000,13
1753273661291,1753273661291,1753273661291,USDJPY,ask,146.38300,1000.0,0.000,13
1753273661291,1753273661291,1753273661291,USDJPY,ask,146.38500,15000.0,0.000,13
1753273661291,1753273661291,1753273661291,USDJPY,bid,146.37600,30000.0,0.000,13
1753273661291,1753273661291,1753273661291,USDJPY,bid,146.37000,100000.0,0.000,13
1753273661291,1753273661291,1753273661291,USDJPY,bid,146.37900,5000.0,0.000,13
1753273661291,1753273661291,1753273661291,USDJPY,bid,146.37800,10000.0,0.000,13
1753273661291,1753273661291,1753273661291,USDJPY,bid,146.38100,1000.0,0.000,13
1753273661291,1753273661291,1753273661291,USDJPY,ask,146.39500,100000.0,0.000,13
1753273661291,1753273661291,1753273661291,USDJPY,ask,146.38900,30000.0,0.000,13
1753273661291,1753273661291,1753273661291,USDJPY,bid,146.37400,50000.0,0.000,13
1753273661291,1753273661291,1753273661291,USDJPY,bid,146.36300,200000.0,0.000,13
1753273661483,1753273661483,1753273661483,USDJPY,ask,146.39000,50000.0,0.000,13
1753273661483,1753273661483,1753273661483,USDJPY,ask,146.38300,1000.0,0.000,13
1753273661483,1753273661483,1753273661483,USDJPY,ask,146.38500,15000.0,0.000,13
1753273661483,1753273661483,1753273661483,USDJPY,bid,146.37600,30000.0,0.000,13
1753273661483,1753273661483,1753273661483,USDJPY,bid,146.37000,100000.0,0.000,13
1753273661483,1753273661483,1753273661483,USDJPY,bid,146.37900,5000.0,0.000,13
1753273661483,1753273661483,1753273661483,USDJPY,bid,146.37800,10000.0,0.000,13
1753273661483,1753273661483,1753273661483,USDJPY,bid,146.38100,1000.0,0.000,13
1753273661483,1753273661483,1753273661483,USDJPY,ask,146.39500,100000.0,0.000,13
1753273661483,1753273661483,1753273661483,USDJPY,ask,146.38900,30000.0,0.000,13
1753273661483,1753273661483,1753273661483,USDJPY,bid,146.37400,50000.0,0.000,13
1753273661483,1753273661483,1753273661483,USDJPY,bid,146.36300,200000.0,0.000,13
1753273661483,1753273661483,1753273661483,USDJPY,ask,146.40200,200000.0,0.000,13
1753273662288,1753273662288,1753273662289,USDJPY,ask,146.39000,50000.0,1.000,14
1753273662288,1753273662288,1753273662289,USDJPY,ask,146.39500,100000.0,1.000,14
1753273662288,1753273662288,1753273662289,USDJPY,ask,146.40200,200000.0,1.000,14
1753273662288,1753273662288,1753273662289,USDJPY,ask,146.38800,30000.0,1.000,14
1753273662288,1753273662288,1753273662289,USDJPY,ask,146.38300,5000.0,1.000,14
1753273662288,1753273662288,1753273662289,USDJPY,ask,146.38100,1000.0,1.000,14
1753273662288,1753273662288,1753273662289,USDJPY,ask,146.38400,10000.0,1.000,14
1753273662288,1753273662288,1753273662289,USDJPY,bid,146.36900,100000.0,1.000,14
1753273662288,1753273662288,1753273662289,USDJPY,bid,146.37700,10000.0,1.000,14
1753273662288,1753273662288,1753273662289,USDJPY,bid,146.37800,5000.0,1.000,14
1753273662288,1753273662288,1753273662289,USDJPY,bid,146.38000,1000.0,1.000,14
1753273662288,1753273662288,1753273662289,USDJPY,bid,146.37500,30000.0,1.000,14
1753273662288,1753273662288,1753273662289,USDJPY,bid,146.37300,50000.0,1.000,14
1753273662288,1753273662288,1753273662289,USDJPY,bid,146.36200,200000.0,1.000,14
1753273662488,1753273662488,1753273662489,USDJPY,ask,146.40400,200000.0,1.000,14
1753273662488,1753273662488,1753273662489,USDJPY,ask,146.39200,50000.0,1.000,14
1753273662488,1753273662488,1753273662489,USDJPY,ask,146.38500,5000.0,1.000,14
1753273662488,1753273662488,1753273662489,USDJPY,ask,146.38600,10000.0,1.000,14
1753273662488,1753273662488,1753273662489,USDJPY,ask,146.39700,100000.0,1.000,14
1753273662488,1753273662488,1753273662489,USDJPY,ask,146.38300,1000.0,1.000,14
1753273662488,1753273662488,1753273662489,USDJPY,ask,146.39000,30000.0,1.000,14
1753273662488,1753273662488,1753273662489,USDJPY,bid,146.36400,200000.0,1.000,14
1753273662488,1753273662488,1753273662489,USDJPY,bid,146.37900,10000.0,1.000,14
1753273662488,1753273662488,1753273662489,USDJPY,bid,146.37700,30000.0,1.000,14
1753273662488,1753273662488,1753273662489,USDJPY,bid,146.38200,1000.0,1.000,14
1753273662488,1753273662488,1753273662489,USDJPY,bid,146.37500,50000.0,1.000,14
1753273662488,1753273662488,1753273662489,USDJPY,bid,146.37100,100000.0,1.000,14
1753273662488,1753273662488,1753273662489,USDJPY,bid,146.38000,5000.0,1.000,14
1753273662682,1753273662682,1753273662682,USDJPY,ask,146.39200,50000.0,0.000,14
1753273662682,1753273662682,1753273662682,USDJPY,ask,146.38500,5000.0,0.000,14
1753273662682,1753273662682,1753273662682,USDJPY,ask,146.38600,10000.0,0.000,14
1753273662682,1753273662682,1753273662682,USDJPY,ask,146.39700,100000.0,0.000,14
1753273662682,1753273662682,1753273662682,USDJPY,ask,146.38300,1000.0,0.000,14
1753273662682,1753273662682,1753273662682,USDJPY,ask,146.39000,30000.0,0.000,14
1753273662682,1753273662682,1753273662682,USDJPY,bid,146.36400,200000.0,0.000,14
1753273662682,1753273662682,1753273662682,USDJPY,bid,146.37900,10000.0,0.000,14
1753273662682,1753273662682,1753273662682,USDJPY,bid,146.38200,1000.0,0.000,14
1753273662682,1753273662682,1753273662682,USDJPY,bid,146.37500,50000.0,0.000,14
1753273662682,1753273662682,1753273662682,USDJPY,bid,146.38000,5000.0,0.000,14
1753273662682,1753273662682,1753273662682,USDJPY,ask,146.40300,200000.0,0.000,14
1753273662682,1753273662682,1753273662682,USDJPY,bid,146.37000,100000.0,0.000,14
1753273662682,1753273662682,1753273662682,USDJPY,bid,146.37600,30000.0,0.000,14
1753273663288,1753273663288,1753273663288,USDJPY,ask,146.39200,50000.0,0.000,14
1753273663288,1753273663288,1753273663288,USDJPY,ask,146.39700,100000.0,0.000,14
1753273663288,1753273663288,1753273663288,USDJPY,ask,146.38400,5000.0,0.000,14
1753273663288,1753273663288,1753273663288,USDJPY,ask,146.38500,10000.0,0.000,14
1753273663288,1753273663288,1753273663288,USDJPY,ask,146.38900,30000.0,0.000,14
1753273663288,1753273663288,1753273663288,USDJPY,ask,146.38200,1000.0,0.000,14
1753273663288,1753273663288,1753273663288,USDJPY,ask,146.40400,200000.0,0.000,14
1753273663288,1753273663288,1753273663288,USDJPY,bid,146.36200,200000.0,0.000,14
1753273663288,1753273663288,1753273663288,USDJPY,bid,146.37900,5000.0,0.000,14
1753273663288,1753273663288,1753273663288,USDJPY,bid,146.38100,1000.0,0.000,14
1753273663288,1753273663288,1753273663288,USDJPY,bid,146.37300,50000.0,0.000,14
1753273663288,1753273663288,1753273663288,USDJPY,bid,146.37500,30000.0,0.000,14
1753273663288,1753273663288,1753273663288,USDJPY,bid,146.37700,10000.0,0.000,14
1753273663288,1753273663288,1753273663288,USDJPY,bid,146.36900,100000.0,0.000,14
1753273663486,1753273663486,1753273663487,USDJPY,ask,146.39200,50000.0,1.000,14
1753273663486,1753273663486,1753273663487,USDJPY,ask,146.39700,100000.0,1.000,14
1753273663486,1753273663486,1753273663487,USDJPY,ask,146.40400,200000.0,1.000,14
1753273663486,1753273663486,1753273663487,USDJPY,bid,146.36900,100000.0,1.000,14
1753273663486,1753273663486,1753273663487,USDJPY,ask,146.38300,1000.0,1.000,14
1753273663486,1753273663486,1753273663487,USDJPY,ask,146.38600,10000.0,1.000,14
1753273663486,1753273663486,1753273663487,USDJPY,ask,146.39000,30000.0,1.000,14
1753273663486,1753273663486,1753273663487,USDJPY,ask,146.38500,5000.0,1.000,14
1753273663486,1753273663486,1753273663487,USDJPY,bid,146.38200,1000.0,1.000,14
1753273663486,1753273663486,1753273663487,USDJPY,bid,146.37400,50000.0,1.000,14
1753273663486,1753273663486,1753273663487,USDJPY,bid,146.38000,5000.0,1.000,14
1753273663486,1753273663486,1753273663487,USDJPY,bid,146.36300,200000.0,1.000,14
1753273663486,1753273663486,1753273663487,USDJPY,bid,146.37600,30000.0,1.000,14
1753273663486,1753273663486,1753273663487,USDJPY,bid,146.37800,10000.0,1.000,14
1753273663680,1753273663680,1753273663680,USDJPY,ask,146.38300,1000.0,0.000,14
1753273663680,1753273663680,1753273663680,USDJPY,ask,146.38600,10000.0,0.000,14
1753273663680,1753273663680,1753273663680,USDJPY,ask,146.38500,5000.0,0.000,14
1753273663680,1753273663680,1753273663680,USDJPY,bid,146.38200,1000.0,0.000,14
1753273663680,1753273663680,1753273663680,USDJPY,bid,146.38000,5000.0,0.000,14
1753273663680,1753273663680,1753273663680,USDJPY,bid,146.37800,10000.0,0.000,14
1753273663680,1753273663680,1753273663680,USDJPY,ask,146.39100,50000.0,0.000,14
1753273663680,1753273663680,1753273663680,USDJPY,ask,146.38900,30000.0,0.000,14
1753273663680,1753273663680,1753273663680,USDJPY,ask,146.39600,100000.0,0.000,14
1753273663680,1753273663680,1753273663680,USDJPY,ask,146.40300,200000.0,0.000,14
1753273663680,1753273663680,1753273663680,USDJPY,bid,146.37500,30000.0,0.000,14
1753273663680,1753273663680,1753273663680,USDJPY,bid,146.36100,200000.0,0.000,14
1753273663680,1753273663680,1753273663680,USDJPY,bid,146.36800,100000.0,0.000,14
1753273663680,1753273663680,1753273663680,USDJPY,bid,146.37300,50000.0,0.000,14
1753273663896,1753273663896,1753273663896,USDJPY,ask,146.39600,100000.0,0.000,13
1753273663896,1753273663896,1753273663896,USDJPY,ask,146.38700,15000.0,0.000,13
1753273663896,1753273663896,1753273663896,USDJPY,ask,146.39200,50000.0,0.000,13
1753273663896,1753273663896,1753273663896,USDJPY,ask,146.40200,200000.0,0.000,13
1753273663896,1753273663896,1753273663896,USDJPY,ask,146.39000,30000.0,0.000,13
1753273663896,1753273663896,1753273663896,USDJPY,ask,146.38500,1000.0,0.000,13
1753273663896,1753273663896,1753273663896,USDJPY,bid,146.38400,1000.0,0.000,13
1753273663896,1753273663896,1753273663896,USDJPY,bid,146.38200,5000.0,0.000,13
1753273663896,1753273663896,1753273663896,USDJPY,bid,146.37800,30000.0,0.000,13
1753273663896,1753273663896,1753273663896,USDJPY,bid,146.37200,100000.0,0.000,13
1753273663896,1753273663896,1753273663896,USDJPY,bid,146.37700,50000.0,0.000,13
1753273663896,1753273663896,1753273663896,USDJPY,bid,146.36500,200000.0,0.000,13
1753273663896,1753273663896,1753273663896,USDJPY,bid,146.38100,10000.0,0.000,13
1753273664327,1753273664327,1753273664327,USDJPY,ask,146.40200,200000.0,0.000,14
1753273664327,1753273664327,1753273664327,USDJPY,ask,146.38300,1000.0,0.000,14
1753273664327,1753273664327,1753273664327,USDJPY,ask,146.38900,30000.0,0.000,14
1753273664327,1753273664327,1753273664327,USDJPY,ask,146.39500,100000.0,0.000,14
1753273664327,1753273664327,1753273664327,USDJPY,ask,146.38500,5000.0,0.000,14
1753273664327,1753273664327,1753273664327,USDJPY,ask,146.39100,50000.0,0.000,14
1753273664327,1753273664327,1753273664327,USDJPY,ask,146.38600,10000.0,0.000,14
1753273664327,1753273664327,1753273664327,USDJPY,bid,146.38200,1000.0,0.000,14
1753273664327,1753273664327,1753273664327,USDJPY,bid,146.38000,5000.0,0.000,14
1753273664327,1753273664327,1753273664327,USDJPY,bid,146.37000,100000.0,0.000,14
1753273664327,1753273664327,1753273664327,USDJPY,bid,146.36300,200000.0,0.000,14
1753273664327,1753273664327,1753273664327,USDJPY,bid,146.37900,10000.0,0.000,14
1753273664327,1753273664327,1753273664327,USDJPY,bid,146.37500,50000.0,0.000,14
1753273664327,1753273664327,1753273664327,USDJPY,bid,146.37600,30000.0,0.000,14
1753273664483,1753273664483,1753273664483,USDJPY,ask,146.40200,200000.0,0.000,14
1753273664483,1753273664483,1753273664483,USDJPY,ask,146.38300,1000.0,0.000,14
1753273664483,1753273664483,1753273664483,USDJPY,ask,146.38900,30000.0,0.000,14
1753273664483,1753273664483,1753273664483,USDJPY,ask,146.38500,5000.0,0.000,14
1753273664483,1753273664483,1753273664483,USDJPY,ask,146.39100,50000.0,0.000,14
1753273664483,1753273664483,1753273664483,USDJPY,ask,146.38600,10000.0,0.000,14
1753273664483,1753273664483,1753273664483,USDJPY,bid,146.38200,1000.0,0.000,14
1753273664483,1753273664483,1753273664483,USDJPY,bid,146.38000,5000.0,0.000,14
1753273664483,1753273664483,1753273664483,USDJPY,bid,146.37000,100000.0,0.000,14
1753273664483,1753273664483,1753273664483,USDJPY,bid,146.36300,200000.0,0.000,14
1753273664483,1753273664483,1753273664483,USDJPY,bid,146.37900,10000.0,0.000,14
1753273664483,1753273664483,1753273664483,USDJPY,bid,146.37500,50000.0,0.000,14
1753273664483,1753273664483,1753273664483,USDJPY,bid,146.37600,30000.0,0.000,14
1753273664483,1753273664483,1753273664483,USDJPY,ask,146.39600,100000.0,0.000,14
1753273664888,1753273664888,1753273664889,USDJPY,ask,146.38300,1000.0,1.000,14
1753273664888,1753273664888,1753273664889,USDJPY,ask,146.38500,5000.0,1.000,14
1753273664888,1753273664888,1753273664889,USDJPY,ask,146.38600,10000.0,1.000,14
1753273664888,1753273664888,1753273664889,USDJPY,bid,146.38200,1000.0,1.000,14
1753273664888,1753273664888,1753273664889,USDJPY,bid,146.38000,5000.0,1.000,14
1753273664888,1753273664888,1753273664889,USDJPY,bid,146.37000,100000.0,1.000,14
1753273664888,1753273664888,1753273664889,USDJPY,bid,146.36300,200000.0,1.000,14
1753273664888,1753273664888,1753273664889,USDJPY,bid,146.37900,10000.0,1.000,14
1753273664888,1753273664888,1753273664889,USDJPY,bid,146.37500,50000.0,1.000,14
1753273664888,1753273664888,1753273664889,USDJPY,bid,146.37600,30000.0,1.000,14
1753273664888,1753273664888,1753273664889,USDJPY,ask,146.40300,200000.0,1.000,14
1753273664888,1753273664888,1753273664889,USDJPY,ask,146.39700,100000.0,1.000,14
1753273664888,1753273664888,1753273664889,USDJPY,ask,146.39200,50000.0,1.000,14
1753273664888,1753273664888,1753273664889,USDJPY,ask,146.39000,30000.0,1.000,14
1753273665323,1753273665323,1753273665323,USDJPY,ask,146.38300,1000.0,0.000,14
1753273665323,1753273665323,1753273665323,USDJPY,ask,146.38500,5000.0,0.000,14
1753273665323,1753273665323,1753273665323,USDJPY,ask,146.38600,10000.0,0.000,14
1753273665323,1753273665323,1753273665323,USDJPY,ask,146.40300,200000.0,0.000,14
1753273665323,1753273665323,1753273665323,USDJPY,ask,146.39700,100000.0,0.000,14
1753273665323,1753273665323,1753273665323,USDJPY,ask,146.39200,50000.0,0.000,14
1753273665323,1753273665323,1753273665323,USDJPY,ask,146.39000,30000.0,0.000,14
1753273665323,1753273665323,1753273665323,USDJPY,bid,146.37600,50000.0,0.000,14
1753273665323,1753273665323,1753273665323,USDJPY,bid,146.38300,1000.0,0.000,14
1753273665323,1753273665323,1753273665323,USDJPY,bid,146.36400,200000.0,0.000,14
1753273665323,1753273665323,1753273665323,USDJPY,bid,146.38000,10000.0,0.000,14
1753273665323,1753273665323,1753273665323,USDJPY,bid,146.38100,5000.0,0.000,14
1753273665323,1753273665323,1753273665323,USDJPY,bid,146.37700,30000.0,0.000,14
1753273665323,1753273665323,1753273665323,USDJPY,bid,146.37100,100000.0,0.000,14
1753273665883,1753273665883,1753273665883,USDJPY,ask,146.38300,1000.0,0.000,14
1753273665883,1753273665883,1753273665883,USDJPY,ask,146.38500,5000.0,0.000,14
1753273665883,1753273665883,1753273665883,USDJPY,ask,146.38600,10000.0,0.000,14
1753273665883,1753273665883,1753273665883,USDJPY,ask,146.39700,100000.0,0.000,14
1753273665883,1753273665883,1753273665883,USDJPY,ask,146.39200,50000.0,0.000,14
1753273665883,1753273665883,1753273665883,USDJPY,ask,146.39000,30000.0,0.000,14
1753273665883,1753273665883,1753273665883,USDJPY,bid,146.37600,50000.0,0.000,14
1753273665883,1753273665883,1753273665883,USDJPY,bid,146.38300,1000.0,0.000,14
1753273665883,1753273665883,1753273665883,USDJPY,bid,146.36400,200000.0,0.000,14
1753273665883,1753273665883,1753273665883,USDJPY,bid,146.38000,10000.0,0.000,14
1753273665883,1753273665883,1753273665883,USDJPY,bid,146.38100,5000.0,0.000,14
1753273665883,1753273665883,1753273665883,USDJPY,bid,146.37700,30000.0,0.000,14
1753273665883,1753273665883,1753273665883,USDJPY,bid,146.37100,100000.0,0.000,14
1753273665883,1753273665883,1753273665883,USDJPY,ask,146.40400,200000.0,0.000,14
1753273666281,1753273666281,1753273666281,USDJPY,ask,146.38300,1000.0,0.000,14
1753273666281,1753273666281,1753273666281,USDJPY,ask,146.38500,5000.0,0.000,14
1753273666281,1753273666281,1753273666281,USDJPY,ask,146.38600,10000.0,0.000,14
1753273666281,1753273666281,1753273666281,USDJPY,ask,146.39700,100000.0,0.000,14
1753273666281,1753273666281,1753273666281,USDJPY,ask,146.39200,50000.0,0.000,14
1753273666281,1753273666281,1753273666281,USDJPY,ask,146.39000,30000.0,0.000,14
1753273666281,1753273666281,1753273666281,USDJPY,bid,146.37600,50000.0,0.000,14
1753273666281,1753273666281,1753273666281,USDJPY,bid,146.38300,1000.0,0.000,14
1753273666281,1753273666281,1753273666281,USDJPY,bid,146.36400,200000.0,0.000,14
1753273666281,1753273666281,1753273666281,USDJPY,bid,146.38000,10000.0,0.000,14
1753273666281,1753273666281,1753273666281,USDJPY,bid,146.38100,5000.0,0.000,14
1753273666281,1753273666281,1753273666281,USDJPY,bid,146.37700,30000.0,0.000,14
1753273666281,1753273666281,1753273666281,USDJPY,bid,146.37100,100000.0,0.000,14
1753273666281,1753273666281,1753273666281,USDJPY,ask,146.40300,200000.0,0.000,14
1753273666691,1753273666691,1753273666691,USDJPY,ask,146.39700,100000.0,0.000,14
1753273666691,1753273666691,1753273666691,USDJPY,ask,146.39200,50000.0,0.000,14
1753273666691,1753273666691,1753273666691,USDJPY,ask,146.39000,30000.0,0.000,14
1753273666691,1753273666691,1753273666691,USDJPY,ask,146.40300,200000.0,0.000,14
1753273666691,1753273666691,1753273666691,USDJPY,ask,146.38400,1000.0,0.000,14
1753273666691,1753273666691,1753273666691,USDJPY,ask,146.38600,5000.0,0.000,14
1753273666691,1753273666691,1753273666691,USDJPY,ask,146.38700,10000.0,0.000,14
1753273666691,1753273666691,1753273666691,USDJPY,bid,146.38200,5000.0,0.000,14
1753273666691,1753273666691,1753273666691,USDJPY,bid,146.37200,100000.0,0.000,14
1753273666691,1753273666691,1753273666691,USDJPY,bid,146.37800,30000.0,0.000,14
1753273666691,1753273666691,1753273666691,USDJPY,bid,146.36500,200000.0,0.000,14
1753273666691,1753273666691,1753273666691,USDJPY,bid,146.38400,1000.0,0.000,14
1753273666691,1753273666691,1753273666691,USDJPY,bid,146.38100,10000.0,0.000,14
1753273666691,1753273666691,1753273666691,USDJPY,bid,146.37700,50000.0,0.000,14
1753273666927,1753273666927,1753273666927,USDJPY,ask,146.39300,5000.0,0.000,14
1753273666927,1753273666927,1753273666927,USDJPY,ask,146.39700,30000.0,0.000,14
1753273666927,1753273666927,1753273666927,USDJPY,ask,146.39900,50000.0,0.000,14
1753273666927,1753273666927,1753273666927,USDJPY,ask,146.41000,200000.0,0.000,14
1753273666927,1753273666927,1753273666927,USDJPY,ask,146.39400,10000.0,0.000,14
1753273666927,1753273666927,1753273666927,USDJPY,ask,146.39100,1000.0,0.000,14
1753273666927,1753273666927,1753273666927,USDJPY,ask,146.40400,100000.0,0.000,14
1753273666927,1753273666927,1753273666927,USDJPY,bid,146.37300,200000.0,0.000,14
1753273666927,1753273666927,1753273666927,USDJPY,bid,146.38800,10000.0,0.000,14
1753273666927,1753273666927,1753273666927,USDJPY,bid,146.39100,1000.0,0.000,14
1753273666927,1753273666927,1753273666927,USDJPY,bid,146.38900,5000.0,0.000,14
1753273666927,1753273666927,1753273666927,USDJPY,bid,146.38000,100000.0,0.000,14
1753273666927,1753273666927,1753273666927,USDJPY,bid,146.38600,30000.0,0.000,14
1753273666927,1753273666927,1753273666927,USDJPY,bid,146.38500,50000.0,0.000,14
1753273667293,1753273667293,1753273667293,USDJPY,ask,146.41100,200000.0,0.000,14
1753273667293,1753273667293,1753273667293,USDJPY,ask,146.39800,30000.0,0.000,14
1753273667293,1753273667293,1753273667293,USDJPY,ask,146.39400,5000.0,0.000,14
1753273667293,1753273667293,1753273667293,USDJPY,ask,146.39500,10000.0,0.000,14
1753273667293,1753273667293,1753273667293,USDJPY,ask,146.39200,1000.0,0.000,14
1753273667293,1753273667293,1753273667293,USDJPY,ask,146.40000,50000.0,0.000,14
1753273667293,1753273667293,1753273667293,USDJPY,ask,146.40500,100000.0,0.000,14
1753273667293,1753273667293,1753273667293,USDJPY,bid,146.38100,100000.0,0.000,14
1753273667293,1753273667293,1753273667293,USDJPY,bid,146.38700,30000.0,0.000,14
1753273667293,1753273667293,1753273667293,USDJPY,bid,146.38900,10000.0,0.000,14
1753273667293,1753273667293,1753273667293,USDJPY,bid,146.38600,50000.0,0.000,14
1753273667293,1753273667293,1753273667293,USDJPY,bid,146.37500,200000.0,0.000,14
1753273667293,1753273667293,1753273667293,USDJPY,bid,146.39200,1000.0,0.000,14
1753273667293,1753273667293,1753273667293,USDJPY,bid,146.39000,5000.0,0.000,14
1753273667488,1753273667488,1753273667488,USDJPY,ask,146.41100,200000.0,0.000,13
1753273667488,1753273667488,1753273667488,USDJPY,ask,146.40000,50000.0,0.000,13
1753273667488,1753273667488,1753273667488,USDJPY,ask,146.40500,100000.0,0.000,13
1753273667488,1753273667488,1753273667488,USDJPY,bid,146.38100,100000.0,0.000,13
1753273667488,1753273667488,1753273667488,USDJPY,bid,146.38600,50000.0,0.000,13
1753273667488,1753273667488,1753273667488,USDJPY,ask,146.39900,30000.0,0.000,13
1753273667488,1753273667488,1753273667488,USDJPY,ask,146.39600,15000.0,0.000,13
1753273667488,1753273667488,1753273667488,USDJPY,ask,146.39400,1000.0,0.000,13
1753273667488,1753273667488,1753273667488,USDJPY,bid,146.39000,10000.0,0.000,13
1753273667488,1753273667488,1753273667488,USDJPY,bid,146.37400,200000.0,0.000,13
1753273667488,1753273667488,1753273667488,USDJPY,bid,146.39200,5000.0,0.000,13
1753273667488,1753273667488,1753273667488,USDJPY,bid,146.39400,1000.0,0.000,13
1753273667488,1753273667488,1753273667488,USDJPY,bid,146.38800,30000.0,0.000,13
1753273667696,1753273667696,1753273667696,USDJPY,ask,146.41000,200000.0,0.000,13
1753273667696,1753273667696,1753273667696,USDJPY,ask,146.39300,1000.0,0.000,13
1753273667696,1753273667696,1753273667696,USDJPY,ask,146.40400,100000.0,0.000,13
1753273667696,1753273667696,1753273667696,USDJPY,ask,146.39900,50000.0,0.000,13
1753273667696,1753273667696,1753273667696,USDJPY,ask,146.39500,15000.0,0.000,13
1753273667696,1753273667696,1753273667696,USDJPY,ask,146.39800,30000.0,0.000,13
1753273667696,1753273667696,1753273667696,USDJPY,bid,146.38900,10000.0,0.000,13
1753273667696,1753273667696,1753273667696,USDJPY,bid,146.38300,50000.0,0.000,13
1753273667696,1753273667696,1753273667696,USDJPY,bid,146.38600,30000.0,0.000,13
1753273667696,1753273667696,1753273667696,USDJPY,bid,146.39300,1000.0,0.000,13
1753273667696,1753273667696,1753273667696,USDJPY,bid,146.39100,5000.0,0.000,13
1753273667696,1753273667696,1753273667696,USDJPY,bid,146.37100,200000.0,0.000,13
1753273667696,1753273667696,1753273667696,USDJPY,bid,146.37800,100000.0,0.000,13
1753273667884,1753273667884,1753273667885,USDJPY,ask,146.41000,200000.0,1.000,13
1753273667884,1753273667884,1753273667885,USDJPY,ask,146.39300,1000.0,1.000,13
1753273667884,1753273667884,1753273667885,USDJPY,ask,146.39900,50000.0,1.000,13
1753273667884,1753273667884,1753273667885,USDJPY,ask,146.39500,15000.0,1.000,13
1753273667884,1753273667884,1753273667885,USDJPY,ask,146.39800,30000.0,1.000,13
1753273667884,1753273667884,1753273667885,USDJPY,bid,146.38900,10000.0,1.000,13
1753273667884,1753273667884,1753273667885,USDJPY,bid,146.39300,1000.0,1.000,13
1753273667884,1753273667884,1753273667885,USDJPY,bid,146.39100,5000.0,1.000,13
1753273667884,1753273667884,1753273667885,USDJPY,ask,146.40300,100000.0,1.000,13
1753273667884,1753273667884,1753273667885,USDJPY,bid,146.38700,30000.0,1.000,13
1753273667884,1753273667884,1753273667885,USDJPY,bid,146.37300,200000.0,1.000,13
1753273667884,1753273667884,1753273667885,USDJPY,bid,146.38000,100000.0,1.000,13
1753273667884,1753273667884,1753273667885,USDJPY,bid,146.38500,50000.0,1.000,13
1753273668325,1753273668325,1753273668325,USDJPY,ask,146.41000,200000.0,0.000,13
1753273668325,1753273668325,1753273668325,USDJPY,ask,146.39300,1000.0,0.000,13
1753273668325,1753273668325,1753273668325,USDJPY,ask,146.39900,50000.0,0.000,13
1753273668325,1753273668325,1753273668325,USDJPY,ask,146.39500,15000.0,0.000,13
1753273668325,1753273668325,1753273668325,USDJPY,ask,146.39800,30000.0,0.000,13
1753273668325,1753273668325,1753273668325,USDJPY,ask,146.40300,100000.0,0.000,13
1753273668325,1753273668325,1753273668325,USDJPY,bid,146.37300,200000.0,0.000,13
1753273668325,1753273668325,1753273668325,USDJPY,bid,146.38600,30000.0,0.000,13
1753273668325,1753273668325,1753273668325,USDJPY,bid,146.38900,5000.0,0.000,13
1753273668325,1753273668325,1753273668325,USDJPY,bid,146.37900,100000.0,0.000,13
1753273668325,1753273668325,1753273668325,USDJPY,bid,146.38400,50000.0,0.000,13
1753273668325,1753273668325,1753273668325,USDJPY,bid,146.38800,10000.0,0.000,13
1753273668325,1753273668325,1753273668325,USDJPY,bid,146.39100,1000.0,0.000,13
1753273668888,1753273668888,1753273668888,USDJPY,ask,146.39800,30000.0,0.000,14
1753273668888,1753273668888,1753273668888,USDJPY,ask,146.39200,1000.0,0.000,14
1753273668888,1753273668888,1753273668888,USDJPY,ask,146.40400,100000.0,0.000,14
1753273668888,1753273668888,1753273668888,USDJPY,ask,146.40000,50000.0,0.000,14
1753273668888,1753273668888,1753273668888,USDJPY,ask,146.39500,10000.0,0.000,14
1753273668888,1753273668888,1753273668888,USDJPY,ask,146.41100,200000.0,0.000,14
1753273668888,1753273668888,1753273668888,USDJPY,ask,146.39400,5000.0,0.000,14
1753273668888,1753273668888,1753273668888,USDJPY,bid,146.39000,1000.0,0.000,14
1753273668888,1753273668888,1753273668888,USDJPY,bid,146.37100,200000.0,0.000,14
1753273668888,1753273668888,1753273668888,USDJPY,bid,146.38600,10000.0,0.000,14
1753273668888,1753273668888,1753273668888,USDJPY,bid,146.38400,30000.0,0.000,14
1753273668888,1753273668888,1753273668888,USDJPY,bid,146.37800,100000.0,0.000,14
1753273668888,1753273668888,1753273668888,USDJPY,bid,146.38200,50000.0,0.000,14
1753273668888,1753273668888,1753273668888,USDJPY,bid,146.38800,5000.0,0.000,14
1753273669286,1753273669286,1753273669286,USDJPY,ask,146.39800,30000.0,0.000,14
1753273669286,1753273669286,1753273669286,USDJPY,ask,146.39200,1000.0,0.000,14
1753273669286,1753273669286,1753273669286,USDJPY,ask,146.40000,50000.0,0.000,14
1753273669286,1753273669286,1753273669286,USDJPY,ask,146.39500,10000.0,0.000,14
1753273669286,1753273669286,1753273669286,USDJPY,ask,146.41100,200000.0,0.000,14
1753273669286,1753273669286,1753273669286,USDJPY,ask,146.39400,5000.0,0.000,14
1753273669286,1753273669286,1753273669286,USDJPY,bid,146.39000,1000.0,0.000,14
1753273669286,1753273669286,1753273669286,USDJPY,bid,146.37100,200000.0,0.000,14
1753273669286,1753273669286,1753273669286,USDJPY,bid,146.38600,10000.0,0.000,14
1753273669286,1753273669286,1753273669286,USDJPY,bid,146.38400,30000.0,0.000,14
1753273669286,1753273669286,1753273669286,USDJPY,bid,146.37800,100000.0,0.000,14
1753273669286,1753273669286,1753273669286,USDJPY,bid,146.38200,50000.0,0.000,14
1753273669286,1753273669286,1753273669286,USDJPY,bid,146.38800,5000.0,0.000,14
1753273669286,1753273669286,1753273669286,USDJPY,ask,146.40500,100000.0,0.000,14
1753273669683,1753273669683,1753273669683,USDJPY,ask,146.39800,30000.0,0.000,14
1753273669683,1753273669683,1753273669683,USDJPY,ask,146.39200,1000.0,0.000,14
1753273669683,1753273669683,1753273669683,USDJPY,ask,146.40000,50000.0,0.000,14
1753273669683,1753273669683,1753273669683,USDJPY,ask,146.39500,10000.0,0.000,14
1753273669683,1753273669683,1753273669683,USDJPY,ask,146.39400,5000.0,0.000,14
1753273669683,1753273669683,1753273669683,USDJPY,bid,146.39000,1000.0,0.000,14
1753273669683,1753273669683,1753273669683,USDJPY,bid,146.38600,10000.0,0.000,14
1753273669683,1753273669683,1753273669683,USDJPY,bid,146.38800,5000.0,0.000,14
1753273669683,1753273669683,1753273669683,USDJPY,ask,146.40500,100000.0,0.000,14
1753273669683,1753273669683,1753273669683,USDJPY,ask,146.41200,200000.0,0.000,14
1753273669683,1753273669683,1753273669683,USDJPY,bid,146.38100,50000.0,0.000,14
1753273669683,1753273669683,1753273669683,USDJPY,bid,146.36900,200000.0,0.000,14
1753273669683,1753273669683,1753273669683,USDJPY,bid,146.37600,100000.0,0.000,14
1753273669683,1753273669683,1753273669683,USDJPY,bid,146.38300,30000.0,0.000,14
1753273670488,1753273670488,1753273670488,USDJPY,ask,146.39800,30000.0,0.000,14
1753273670488,1753273670488,1753273670488,USDJPY,ask,146.39200,1000.0,0.000,14
1753273670488,1753273670488,1753273670488,USDJPY,ask,146.40000,50000.0,0.000,14
1753273670488,1753273670488,1753273670488,USDJPY,ask,146.39500,10000.0,0.000,14
1753273670488,1753273670488,1753273670488,USDJPY,ask,146.39400,5000.0,0.000,14
1753273670488,1753273670488,1753273670488,USDJPY,bid,146.39000,1000.0,0.000,14
1753273670488,1753273670488,1753273670488,USDJPY,bid,146.38600,10000.0,0.000,14
1753273670488,1753273670488,1753273670488,USDJPY,bid,146.38800,5000.0,0.000,14
1753273670488,1753273670488,1753273670488,USDJPY,ask,146.40500,100000.0,0.000,14
1753273670488,1753273670488,1753273670488,USDJPY,bid,146.36900,200000.0,0.000,14
1753273670488,1753273670488,1753273670488,USDJPY,bid,146.38300,30000.0,0.000,14
1753273670488,1753273670488,1753273670488,USDJPY,ask,146.41100,200000.0,0.000,14
1753273670488,1753273670488,1753273670488,USDJPY,bid,146.38000,50000.0,0.000,14
1753273670488,1753273670488,1753273670488,USDJPY,bid,146.37500,100000.0,0.000,14
1753273671283,1753273671283,1753273671283,USDJPY,ask,146.40000,50000.0,0.000,13
1753273671283,1753273671283,1753273671283,USDJPY,ask,146.40500,100000.0,0.000,13
1753273671283,1753273671283,1753273671283,USDJPY,ask,146.41100,200000.0,0.000,13
1753273671283,1753273671283,1753273671283,USDJPY,ask,146.39300,1000.0,0.000,13
1753273671283,1753273671283,1753273671283,USDJPY,ask,146.39500,15000.0,0.000,13
1753273671283,1753273671283,1753273671283,USDJPY,ask,146.39900,30000.0,0.000,13
1753273671283,1753273671283,1753273671283,USDJPY,bid,146.37600,100000.0,0.000,13
1753273671283,1753273671283,1753273671283,USDJPY,bid,146.39100,1000.0,0.000,13
1753273671283,1753273671283,1753273671283,USDJPY,bid,146.38100,50000.0,0.000,13
1753273671283,1753273671283,1753273671283,USDJPY,bid,146.38400,30000.0,0.000,13
1753273671283,1753273671283,1753273671283,USDJPY,bid,146.38700,10000.0,0.000,13
1753273671283,1753273671283,1753273671283,USDJPY,bid,146.37000,200000.0,0.000,13
1753273671283,1753273671283,1753273671283,USDJPY,bid,146.38900,5000.0,0.000,13
1753273671484,1753273671484,1753273671484,USDJPY,ask,146.39300,1000.0,0.000,13
1753273671484,1753273671484,1753273671484,USDJPY,ask,146.39500,15000.0,0.000,13
1753273671484,1753273671484,1753273671484,USDJPY,bid,146.39100,1000.0,0.000,13
1753273671484,1753273671484,1753273671484,USDJPY,bid,146.38700,10000.0,0.000,13
1753273671484,1753273671484,1753273671484,USDJPY,bid,146.38900,5000.0,0.000,13
1753273671484,1753273671484,1753273671484,USDJPY,ask,146.39800,30000.0,0.000,13
1753273671484,1753273671484,1753273671484,USDJPY,ask,146.39900,50000.0,0.000,13
1753273671484,1753273671484,1753273671484,USDJPY,ask,146.40300,100000.0,0.000,13
1753273671484,1753273671484,1753273671484,USDJPY,ask,146.40900,200000.0,0.000,13
1753273671484,1753273671484,1753273671484,USDJPY,bid,146.36800,200000.0,0.000,13
1753273671484,1753273671484,1753273671484,USDJPY,bid,146.38000,50000.0,0.000,13
1753273671484,1753273671484,1753273671484,USDJPY,bid,146.37500,100000.0,0.000,13
1753273671484,1753273671484,1753273671484,USDJPY,bid,146.38300,30000.0,0.000,13
1753273671694,1753273671694,1753273671694,USDJPY,bid,146.36800,200000.0,0.000,13
1753273671694,1753273671694,1753273671694,USDJPY,bid,146.37500,100000.0,0.000,13
1753273671694,1753273671694,1753273671694,USDJPY,ask,146.40400,100000.0,0.000,13
1753273671694,1753273671694,1753273671694,USDJPY,ask,146.41100,200000.0,0.000,13
1753273671694,1753273671694,1753273671694,USDJPY,ask,146.39900,30000.0,0.000,13
1753273671694,1753273671694,1753273671694,USDJPY,ask,146.39600,15000.0,0.000,13
1753273671694,1753273671694,1753273671694,USDJPY,ask,146.39400,1000.0,0.000,13
1753273671694,1753273671694,1753273671694,USDJPY,ask,146.40000,50000.0,0.000,13
1753273671694,1753273671694,1753273671694,USDJPY,bid,146.39000,5000.0,0.000,13
1753273671694,1753273671694,1753273671694,USDJPY,bid,146.38400,30000.0,0.000,13
1753273671694,1753273671694,1753273671694,USDJPY,bid,146.38800,10000.0,0.000,13
1753273671694,1753273671694,1753273671694,USDJPY,bid,146.39200,1000.0,0.000,13
1753273671694,1753273671694,1753273671694,USDJPY,bid,146.38100,50000.0,0.000,13
1753273672286,1753273672286,1753273672286,USDJPY,bid,146.36800,200000.0,0.000,13
1753273672286,1753273672286,1753273672286,USDJPY,bid,146.37500,100000.0,0.000,13
1753273672286,1753273672286,1753273672286,USDJPY,ask,146.40400,100000.0,0.000,13
1753273672286,1753273672286,1753273672286,USDJPY,ask,146.41100,200000.0,0.000,13
1753273672286,1753273672286,1753273672286,USDJPY,ask,146.39900,30000.0,0.000,13
1753273672286,1753273672286,1753273672286,USDJPY,ask,146.39600,15000.0,0.000,13
1753273672286,1753273672286,1753273672286,USDJPY,ask,146.39400,1000.0,0.000,13
1753273672286,1753273672286,1753273672286,USDJPY,ask,146.40000,50000.0,0.000,13
1753273672286,1753273672286,1753273672286,USDJPY,bid,146.38400,30000.0,0.000,13
1753273672286,1753273672286,1753273672286,USDJPY,bid,146.38100,50000.0,0.000,13
1753273672286,1753273672286,1753273672286,USDJPY,bid,146.39300,1000.0,0.000,13
1753273672286,1753273672286,1753273672286,USDJPY,bid,146.39100,5000.0,0.000,13
1753273672286,1753273672286,1753273672286,USDJPY,bid,146.38900,10000.0,0.000,13
1753273672698,1753273672698,1753273672699,USDJPY,ask,146.40400,100000.0,1.000,13
1753273672698,1753273672698,1753273672699,USDJPY,ask,146.41100,200000.0,1.000,13
1753273672698,1753273672698,1753273672699,USDJPY,ask,146.39900,30000.0,1.000,13
1753273672698,1753273672698,1753273672699,USDJPY,ask,146.39600,15000.0,1.000,13
1753273672698,1753273672698,1753273672699,USDJPY,ask,146.39400,1000.0,1.000,13
1753273672698,1753273672698,1753273672699,USDJPY,ask,146.40000,50000.0,1.000,13
1753273672698,1753273672698,1753273672699,USDJPY,bid,146.39300,1000.0,1.000,13
1753273672698,1753273672698,1753273672699,USDJPY,bid,146.39100,5000.0,1.000,13
1753273672698,1753273672698,1753273672699,USDJPY,bid,146.38900,10000.0,1.000,13
1753273672698,1753273672698,1753273672699,USDJPY,bid,146.38200,50000.0,1.000,13
1753273672698,1753273672698,1753273672699,USDJPY,bid,146.38500,30000.0,1.000,13
1753273672698,1753273672698,1753273672699,USDJPY,bid,146.37600,100000.0,1.000,13
1753273672698,1753273672698,1753273672699,USDJPY,bid,146.36900,200000.0,1.000,13
1753273673291,1753273673291,1753273673291,USDJPY,ask,146.40400,100000.0,0.000,13
1753273673291,1753273673291,1753273673291,USDJPY,ask,146.41100,200000.0,0.000,13
1753273673291,1753273673291,1753273673291,USDJPY,ask,146.39900,30000.0,0.000,13
1753273673291,1753273673291,1753273673291,USDJPY,ask,146.39600,15000.0,0.000,13
1753273673291,1753273673291,1753273673291,USDJPY,ask,146.39400,1000.0,0.000,13
1753273673291,1753273673291,1753273673291,USDJPY,ask,146.40000,50000.0,0.000,13
1753273673291,1753273673291,1753273673291,USDJPY,bid,146.39300,1000.0,0.000,13
1753273673291,1753273673291,1753273673291,USDJPY,bid,146.39100,5000.0,0.000,13
1753273673291,1753273673291,1753273673291,USDJPY,bid,146.38900,10000.0,0.000,13
1753273673291,1753273673291,1753273673291,USDJPY,bid,146.38200,50000.0,0.000,13
1753273673291,1753273673291,1753273673291,USDJPY,bid,146.38500,30000.0,0.000,13
1753273673291,1753273673291,1753273673291,USDJPY,bid,146.37000,200000.0,0.000,13
1753273673291,1753273673291,1753273673291,USDJPY,bid,146.37700,100000.0,0.000,13
1753273675284,1753273675284,1753273675284,USDJPY,bid,146.39300,1000.0,0.000,13
1753273675284,1753273675284,1753273675284,USDJPY,bid,146.39100,5000.0,0.000,13
1753273675284,1753273675284,1753273675284,USDJPY,bid,146.38900,10000.0,0.000,13
1753273675284,1753273675284,1753273675284,USDJPY,bid,146.38200,50000.0,0.000,13
1753273675284,1753273675284,1753273675284,USDJPY,bid,146.38500,30000.0,0.000,13
1753273675284,1753273675284,1753273675284,USDJPY,bid,146.37000,200000.0,0.000,13
1753273675284,1753273675284,1753273675284,USDJPY,bid,146.37700,100000.0,0.000,13
1753273675284,1753273675284,1753273675284,USDJPY,ask,146.41000,200000.0,0.000,13
1753273675284,1753273675284,1753273675284,USDJPY,ask,146.39800,30000.0,0.000,13
1753273675284,1753273675284,1753273675284,USDJPY,ask,146.39300,1000.0,0.000,13
1753273675284,1753273675284,1753273675284,USDJPY,ask,146.39900,50000.0,0.000,13
1753273675284,1753273675284,1753273675284,USDJPY,ask,146.40300,100000.0,0.000,13
1753273675284,1753273675284,1753273675284,USDJPY,ask,146.39500,15000.0,0.000,13
1753273676279,1753273676279,1753273676279,USDJPY,bid,146.39300,1000.0,0.000,13
1753273676279,1753273676279,1753273676279,USDJPY,bid,146.39100,5000.0,0.000,13
1753273676279,1753273676279,1753273676279,USDJPY,bid,146.38900,10000.0,0.000,13
1753273676279,1753273676279,1753273676279,USDJPY,ask,146.41000,200000.0,0.000,13
1753273676279,1753273676279,1753273676279,USDJPY,ask,146.39800,30000.0,0.000,13
1753273676279,1753273676279,1753273676279,USDJPY,ask,146.39300,1000.0,0.000,13
1753273676279,1753273676279,1753273676279,USDJPY,ask,146.39900,50000.0,0.000,13
1753273676279,1753273676279,1753273676279,USDJPY,ask,146.40300,100000.0,0.000,13
1753273676279,1753273676279,1753273676279,USDJPY,ask,146.39500,15000.0,0.000,13
1753273676279,1753273676279,1753273676279,USDJPY,bid,146.37500,100000.0,0.000,13
1753273676279,1753273676279,1753273676279,USDJPY,bid,146.38100,50000.0,0.000,13
1753273676279,1753273676279,1753273676279,USDJPY,bid,146.36800,200000.0,0.000,13
1753273676279,1753273676279,1753273676279,USDJPY,bid,146.38400,30000.0,0.000,13
1753273676486,1753273676486,1753273676486,USDJPY,bid,146.39300,1000.0,0.000,13
1753273676486,1753273676486,1753273676486,USDJPY,bid,146.39100,5000.0,0.000,13
1753273676486,1753273676486,1753273676486,USDJPY,bid,146.38900,10000.0,0.000,13
1753273676486,1753273676486,1753273676486,USDJPY,ask,146.41000,200000.0,0.000,13
1753273676486,1753273676486,1753273676486,USDJPY,ask,146.39800,30000.0,0.000,13
1753273676486,1753273676486,1753273676486,USDJPY,ask,146.39300,1000.0,0.000,13
1753273676486,1753273676486,1753273676486,USDJPY,ask,146.39900,50000.0,0.000,13
1753273676486,1753273676486,1753273676486,USDJPY,ask,146.40300,100000.0,0.000,13
1753273676486,1753273676486,1753273676486,USDJPY,ask,146.39500,15000.0,0.000,13
1753273676486,1753273676486,1753273676486,USDJPY,bid,146.37100,200000.0,0.000,13
1753273676486,1753273676486,1753273676486,USDJPY,bid,146.37800,100000.0,0.000,13
1753273676486,1753273676486,1753273676486,USDJPY,bid,146.38500,30000.0,0.000,13
1753273676486,1753273676486,1753273676486,USDJPY,bid,146.38300,50000.0,0.000,13
1753273676690,1753273676690,1753273676690,USDJPY,bid,146.39300,1000.0,0.000,13
1753273676690,1753273676690,1753273676690,USDJPY,bid,146.39100,5000.0,0.000,13
1753273676690,1753273676690,1753273676690,USDJPY,bid,146.38900,10000.0,0.000,13
1753273676690,1753273676690,1753273676690,USDJPY,ask,146.41000,200000.0,0.000,13
1753273676690,1753273676690,1753273676690,USDJPY,ask,146.39800,30000.0,0.000,13
1753273676690,1753273676690,1753273676690,USDJPY,ask,146.39300,1000.0,0.000,13
1753273676690,1753273676690,1753273676690,USDJPY,ask,146.39900,50000.0,0.000,13
1753273676690,1753273676690,1753273676690,USDJPY,ask,146.40300,100000.0,0.000,13
1753273676690,1753273676690,1753273676690,USDJPY,ask,146.39500,15000.0,0.000,13
1753273676690,1753273676690,1753273676690,USDJPY,bid,146.37800,100000.0,0.000,13
1753273676690,1753273676690,1753273676690,USDJPY,bid,146.37200,200000.0,0.000,13
1753273676690,1753273676690,1753273676690,USDJPY,bid,146.38400,50000.0,0.000,13
1753273676690,1753273676690,1753273676690,USDJPY,bid,146.38600,30000.0,0.000,13
1753273677289,1753273677289,1753273677289,USDJPY,ask,146.41100,200000.0,0.000,13
1753273677289,1753273677289,1753273677289,USDJPY,ask,146.39400,1000.0,0.000,13
1753273677289,1753273677289,1753273677289,USDJPY,ask,146.39600,15000.0,0.000,13
1753273677289,1753273677289,1753273677289,USDJPY,ask,146.40000,50000.0,0.000,13
1753273677289,1753273677289,1753273677289,USDJPY,ask,146.40500,100000.0,0.000,13
1753273677289,1753273677289,1753273677289,USDJPY,ask,146.39900,30000.0,0.000,13
1753273677289,1753273677289,1753273677289,USDJPY,bid,146.38100,100000.0,0.000,13
1753273677289,1753273677289,1753273677289,USDJPY,bid,146.38600,50000.0,0.000,13
1753273677289,1753273677289,1753273677289,USDJPY,bid,146.39000,10000.0,0.000,13
1753273677289,1753273677289,1753273677289,USDJPY,bid,146.37500,200000.0,0.000,13
1753273677289,1753273677289,1753273677289,USDJPY,bid,146.38800,30000.0,0.000,13
1753273677289,1753273677289,1753273677289,USDJPY,bid,146.39400,1000.0,0.000,13
1753273677289,1753273677289,1753273677289,USDJPY,bid,146.39200,5000.0,0.000,13
1753273677488,1753273677488,1753273677488,USDJPY,ask,146.41000,200000.0,0.000,13
1753273677488,1753273677488,1753273677488,USDJPY,ask,146.40400,100000.0,0.000,13
1753273677488,1753273677488,1753273677488,USDJPY,ask,146.39500,15000.0,0.000,13
1753273677488,1753273677488,1753273677488,USDJPY,ask,146.39800,30000.0,0.000,13
1753273677488,1753273677488,1753273677488,USDJPY,ask,146.39900,50000.0,0.000,13
1753273677488,1753273677488,1753273677488,USDJPY,ask,146.39300,1000.0,0.000,13
1753273677488,1753273677488,1753273677488,USDJPY,bid,146.38500,50000.0,0.000,13
1753273677488,1753273677488,1753273677488,USDJPY,bid,146.38900,10000.0,0.000,13
1753273677488,1753273677488,1753273677488,USDJPY,bid,146.39100,5000.0,0.000,13
1753273677488,1753273677488,1753273677488,USDJPY,bid,146.37400,200000.0,0.000,13
1753273677488,1753273677488,1753273677488,USDJPY,bid,146.38000,100000.0,0.000,13
1753273677488,1753273677488,1753273677488,USDJPY,bid,146.38700,30000.0,0.000,13
1753273677488,1753273677488,1753273677488,USDJPY,bid,146.39300,1000.0,0.000,13
1753273677680,1753273677680,1753273677680,USDJPY,ask,146.41000,200000.0,0.000,13
1753273677680,1753273677680,1753273677680,USDJPY,ask,146.40400,100000.0,0.000,13
1753273677680,1753273677680,1753273677680,USDJPY,ask,146.39500,15000.0,0.000,13
1753273677680,1753273677680,1753273677680,USDJPY,ask,146.39800,30000.0,0.000,13
1753273677680,1753273677680,1753273677680,USDJPY,ask,146.39900,50000.0,0.000,13
1753273677680,1753273677680,1753273677680,USDJPY,ask,146.39300,1000.0,0.000,13
1753273677680,1753273677680,1753273677680,USDJPY,bid,146.38500,50000.0,0.000,13
1753273677680,1753273677680,1753273677680,USDJPY,bid,146.38900,10000.0,0.000,13
1753273677680,1753273677680,1753273677680,USDJPY,bid,146.39100,5000.0,0.000,13
1753273677680,1753273677680,1753273677680,USDJPY,bid,146.37400,200000.0,0.000,13
1753273677680,1753273677680,1753273677680,USDJPY,bid,146.38700,30000.0,0.000,13
1753273677680,1753273677680,1753273677680,USDJPY,bid,146.39300,1000.0,0.000,13
1753273677680,1753273677680,1753273677680,USDJPY,bid,146.38100,100000.0,0.000,13
1753273677883,1753273677883,1753273677883,USDJPY,ask,146.41000,200000.0,0.000,13
1753273677883,1753273677883,1753273677883,USDJPY,ask,146.40400,100000.0,0.000,13
1753273677883,1753273677883,1753273677883,USDJPY,ask,146.39500,15000.0,0.000,13
1753273677883,1753273677883,1753273677883,USDJPY,ask,146.39800,30000.0,0.000,13
1753273677883,1753273677883,1753273677883,USDJPY,ask,146.39900,50000.0,0.000,13
1753273677883,1753273677883,1753273677883,USDJPY,ask,146.39300,1000.0,0.000,13
1753273677883,1753273677883,1753273677883,USDJPY,bid,146.38500,50000.0,0.000,13
1753273677883,1753273677883,1753273677883,USDJPY,bid,146.38900,10000.0,0.000,13
1753273677883,1753273677883,1753273677883,USDJPY,bid,146.39100,5000.0,0.000,13
1753273677883,1753273677883,1753273677883,USDJPY,bid,146.37400,200000.0,0.000,13
1753273677883,1753273677883,1753273677883,USDJPY,bid,146.38700,30000.0,0.000,13
1753273677883,1753273677883,1753273677883,USDJPY,bid,146.39300,1000.0,0.000,13
1753273677883,1753273677883,1753273677883,USDJPY,bid,146.38000,100000.0,0.000,13
1753273678892,1753273678892,1753273678892,USDJPY,bid,146.38900,10000.0,0.000,13
1753273678892,1753273678892,1753273678892,USDJPY,bid,146.38700,30000.0,0.000,13
1753273678892,1753273678892,1753273678892,USDJPY,ask,146.39800,50000.0,0.000,13
1753273678892,1753273678892,1753273678892,USDJPY,ask,146.39200,1000.0,0.000,13
1753273678892,1753273678892,1753273678892,USDJPY,ask,146.40200,100000.0,0.000,13
1753273678892,1753273678892,1753273678892,USDJPY,ask,146.39400,15000.0,0.000,13
1753273678892,1753273678892,1753273678892,USDJPY,ask,146.40900,200000.0,0.000,13
1753273678892,1753273678892,1753273678892,USDJPY,ask,146.39700,30000.0,0.000,13
1753273678892,1753273678892,1753273678892,USDJPY,bid,146.39000,5000.0,0.000,13
1753273678892,1753273678892,1753273678892,USDJPY,bid,146.38600,50000.0,0.000,13
1753273678892,1753273678892,1753273678892,USDJPY,bid,146.39200,1000.0,0.000,13
1753273678892,1753273678892,1753273678892,USDJPY,bid,146.38200,100000.0,0.000,13
1753273678892,1753273678892,1753273678892,USDJPY,bid,146.37500,200000.0,0.000,13
1753273679491,1753273679491,1753273679491,USDJPY,bid,146.38900,10000.0,0.000,13
1753273679491,1753273679491,1753273679491,USDJPY,bid,146.38700,30000.0,0.000,13
1753273679491,1753273679491,1753273679491,USDJPY,ask,146.39900,50000.0,0.000,13
1753273679491,1753273679491,1753273679491,USDJPY,ask,146.39800,30000.0,0.000,13
1753273679491,1753273679491,1753273679491,USDJPY,ask,146.39300,1000.0,0.000,13
1753273679491,1753273679491,1753273679491,USDJPY,ask,146.41000,200000.0,0.000,13
1753273679491,1753273679491,1753273679491,USDJPY,ask,146.39500,15000.0,0.000,13
1753273679491,1753273679491,1753273679491,USDJPY,ask,146.40300,100000.0,0.000,13
1753273679491,1753273679491,1753273679491,USDJPY,bid,146.38000,100000.0,0.000,13
1753273679491,1753273679491,1753273679491,USDJPY,bid,146.39100,5000.0,0.000,13
1753273679491,1753273679491,1753273679491,USDJPY,bid,146.37300,200000.0,0.000,13
1753273679491,1753273679491,1753273679491,USDJPY,bid,146.39300,1000.0,0.000,13
1753273679491,1753273679491,1753273679491,USDJPY,bid,146.38500,50000.0,0.000,13
1753273679680,1753273679680,1753273679680,USDJPY,ask,146.39900,50000.0,0.000,13
1753273679680,1753273679680,1753273679680,USDJPY,ask,146.39800,30000.0,0.000,13
1753273679680,1753273679680,1753273679680,USDJPY,ask,146.41000,200000.0,0.000,13
1753273679680,1753273679680,1753273679680,USDJPY,ask,146.39200,1000.0,0.000,13
1753273679680,1753273679680,1753273679680,USDJPY,ask,146.40400,100000.0,0.000,13
1753273679680,1753273679680,1753273679680,USDJPY,ask,146.39400,15000.0,0.000,13
1753273679680,1753273679680,1753273679680,USDJPY,bid,146.39200,1000.0,0.000,13
1753273679680,1753273679680,1753273679680,USDJPY,bid,146.38800,10000.0,0.000,13
1753273679680,1753273679680,1753273679680,USDJPY,bid,146.37200,200000.0,0.000,13
1753273679680,1753273679680,1753273679680,USDJPY,bid,146.39000,5000.0,0.000,13
1753273679680,1753273679680,1753273679680,USDJPY,bid,146.37800,100000.0,0.000,13
1753273679680,1753273679680,1753273679680,USDJPY,bid,146.38300,50000.0,0.000,13
1753273679680,1753273679680,1753273679680,USDJPY,bid,146.38500,30000.0,0.000,13
1753273679882,1753273679882,1753273679882,USDJPY,ask,146.39900,50000.0,0.000,13
1753273679882,1753273679882,1753273679882,USDJPY,ask,146.39800,30000.0,0.000,13
1753273679882,1753273679882,1753273679882,USDJPY,ask,146.39200,1000.0,0.000,13
1753273679882,1753273679882,1753273679882,USDJPY,ask,146.40400,100000.0,0.000,13
1753273679882,1753273679882,1753273679882,USDJPY,ask,146.39400,15000.0,0.000,13
1753273679882,1753273679882,1753273679882,USDJPY,bid,146.39200,1000.0,0.000,13
1753273679882,1753273679882,1753273679882,USDJPY,bid,146.38800,10000.0,0.000,13
1753273679882,1753273679882,1753273679882,USDJPY,bid,146.39000,5000.0,0.000,13
1753273679882,1753273679882,1753273679882,USDJPY,ask,146.41100,200000.0,0.000,13
1753273679882,1753273679882,1753273679882,USDJPY,bid,146.38600,30000.0,0.000,13
1753273679882,1753273679882,1753273679882,USDJPY,bid,146.37900,100000.0,0.000,13
1753273679882,1753273679882,1753273679882,USDJPY,bid,146.38400,50000.0,0.000,13
1753273679882,1753273679882,1753273679882,USDJPY,bid,146.37300,200000.0,0.000,13
1753273680286,1753273680286,1753273680286,USDJPY,ask,146.39800,30000.0,0.000,13
1753273680286,1753273680286,1753273680286,USDJPY,ask,146.40400,100000.0,0.000,13
1753273680286,1753273680286,1753273680286,USDJPY,ask,146.41100,200000.0,0.000,13
1753273680286,1753273680286,1753273680286,USDJPY,bid,146.38600,30000.0,0.000,13
1753273680286,1753273680286,1753273680286,USDJPY,ask,146.39500,15000.0,0.000,13
1753273680286,1753273680286,1753273680286,USDJPY,ask,146.40000,50000.0,0.000,13
1753273680286,1753273680286,1753273680286,USDJPY,ask,146.39300,1000.0,0.000,13
1753273680286,1753273680286,1753273680286,USDJPY,bid,146.37100,200000.0,0.000,13
1753273680286,1753273680286,1753273680286,USDJPY,bid,146.38900,10000.0,0.000,13
1753273680286,1753273680286,1753273680286,USDJPY,bid,146.37800,100000.0,0.000,13
1753273680286,1753273680286,1753273680286,USDJPY,bid,146.39300,1000.0,0.000,13
1753273680286,1753273680286,1753273680286,USDJPY,bid,146.39100,5000.0,0.000,13
1753273680286,1753273680286,1753273680286,USDJPY,bid,146.38300,50000.0,0.000,13
1753273680521,1753273680521,1753273680521,USDJPY,ask,146.40200,50000.0,0.000,13
1753273680521,1753273680521,1753273680521,USDJPY,ask,146.39800,15000.0,0.000,13
1753273680521,1753273680521,1753273680521,USDJPY,ask,146.39600,1000.0,0.000,13
1753273680521,1753273680521,1753273680521,USDJPY,ask,146.41300,200000.0,0.000,13
1753273680521,1753273680521,1753273680521,USDJPY,ask,146.40100,30000.0,0.000,13
1753273680521,1753273680521,1753273680521,USDJPY,ask,146.40700,100000.0,0.000,13
1753273680521,1753273680521,1753273680521,USDJPY,bid,146.38800,30000.0,0.000,13
1753273680521,1753273680521,1753273680521,USDJPY,bid,146.39200,10000.0,0.000,13
1753273680521,1753273680521,1753273680521,USDJPY,bid,146.38500,50000.0,0.000,13
1753273680521,1753273680521,1753273680521,USDJPY,bid,146.37300,200000.0,0.000,13
1753273680521,1753273680521,1753273680521,USDJPY,bid,146.39600,1000.0,0.000,13
1753273680521,1753273680521,1753273680521,USDJPY,bid,146.39400,5000.0,0.000,13
1753273680521,1753273680521,1753273680521,USDJPY,bid,146.38000,100000.0,0.000,13
1753273680694,1753273680694,1753273680694,USDJPY,ask,146.39800,15000.0,0.000,13
1753273680694,1753273680694,1753273680694,USDJPY,ask,146.39600,1000.0,0.000,13
1753273680694,1753273680694,1753273680694,USDJPY,ask,146.41300,200000.0,0.000,13
1753273680694,1753273680694,1753273680694,USDJPY,ask,146.40100,30000.0,0.000,13
1753273680694,1753273680694,1753273680694,USDJPY,ask,146.40700,100000.0,0.000,13
1753273680694,1753273680694,1753273680694,USDJPY,bid,146.38800,30000.0,0.000,13
1753273680694,1753273680694,1753273680694,USDJPY,bid,146.39200,10000.0,0.000,13
1753273680694,1753273680694,1753273680694,USDJPY,bid,146.38500,50000.0,0.000,13
1753273680694,1753273680694,1753273680694,USDJPY,bid,146.37300,200000.0,0.000,13
1753273680694,1753273680694,1753273680694,USDJPY,bid,146.39600,1000.0,0.000,13
1753273680694,1753273680694,1753273680694,USDJPY,bid,146.39400,5000.0,0.000,13
1753273680694,1753273680694,1753273680694,USDJPY,bid,146.38000,100000.0,0.000,13
1753273680694,1753273680694,1753273680694,USDJPY,ask,146.40300,50000.0,0.000,13
1753273680898,1753273680898,1753273680898,USDJPY,bid,146.38800,30000.0,0.000,13
1753273680898,1753273680898,1753273680898,USDJPY,bid,146.38500,50000.0,0.000,13
1753273680898,1753273680898,1753273680898,USDJPY,bid,146.38000,100000.0,0.000,13
1753273680898,1753273680898,1753273680898,USDJPY,ask,146.40300,50000.0,0.000,13
1753273680898,1753273680898,1753273680898,USDJPY,ask,146.40800,100000.0,0.000,13
1753273680898,1753273680898,1753273680898,USDJPY,ask,146.39700,1000.0,0.000,13
1753273680898,1753273680898,1753273680898,USDJPY,ask,146.39900,15000.0,0.000,13
1753273680898,1753273680898,1753273680898,USDJPY,ask,146.40200,30000.0,0.000,13
1753273680898,1753273680898,1753273680898,USDJPY,ask,146.41400,200000.0,0.000,13
1753273680898,1753273680898,1753273680898,USDJPY,bid,146.39700,1000.0,0.000,13
1753273680898,1753273680898,1753273680898,USDJPY,bid,146.37200,200000.0,0.000,13
1753273680898,1753273680898,1753273680898,USDJPY,bid,146.39500,5000.0,0.000,13
1753273680898,1753273680898,1753273680898,USDJPY,bid,146.39300,10000.0,0.000,13
1753273681291,1753273681291,1753273681291,USDJPY,bid,146.38800,30000.0,0.000,13
1753273681291,1753273681291,1753273681291,USDJPY,ask,146.40300,50000.0,0.000,13
1753273681291,1753273681291,1753273681291,USDJPY,ask,146.39700,1000.0,0.000,13
1753273681291,1753273681291,1753273681291,USDJPY,ask,146.39900,15000.0,0.000,13
1753273681291,1753273681291,1753273681291,USDJPY,ask,146.40200,30000.0,0.000,13
1753273681291,1753273681291,1753273681291,USDJPY,ask,146.41400,200000.0,0.000,13
1753273681291,1753273681291,1753273681291,USDJPY,bid,146.39700,1000.0,0.000,13
1753273681291,1753273681291,1753273681291,USDJPY,bid,146.39300,10000.0,0.000,13
1753273681291,1753273681291,1753273681291,USDJPY,ask,146.40700,100000.0,0.000,13
1753273681291,1753273681291,1753273681291,USDJPY,bid,146.38400,50000.0,0.000,13
1753273681291,1753273681291,1753273681291,USDJPY,bid,146.37800,100000.0,0.000,13
1753273681291,1753273681291,1753273681291,USDJPY,bid,146.37100,200000.0,0.000,13
1753273681291,1753273681291,1753273681291,USDJPY,bid,146.39400,5000.0,0.000,13
1753273681520,1753273681520,1753273681520,USDJPY,ask,146.40300,50000.0,0.000,13
1753273681520,1753273681520,1753273681520,USDJPY,ask,146.39700,1000.0,0.000,13
1753273681520,1753273681520,1753273681520,USDJPY,ask,146.39900,15000.0,0.000,13
1753273681520,1753273681520,1753273681520,USDJPY,ask,146.40200,30000.0,0.000,13
1753273681520,1753273681520,1753273681520,USDJPY,ask,146.41400,200000.0,0.000,13
1753273681520,1753273681520,1753273681520,USDJPY,bid,146.39700,1000.0,0.000,13
1753273681520,1753273681520,1753273681520,USDJPY,ask,146.40700,100000.0,0.000,13
1753273681520,1753273681520,1753273681520,USDJPY,bid,146.38400,50000.0,0.000,13
1753273681520,1753273681520,1753273681520,USDJPY,bid,146.39400,5000.0,0.000,13
1753273681520,1753273681520,1753273681520,USDJPY,bid,146.38700,30000.0,0.000,13
1753273681520,1753273681520,1753273681520,USDJPY,bid,146.39200,10000.0,0.000,13
1753273681520,1753273681520,1753273681520,USDJPY,bid,146.37700,100000.0,0.000,13
1753273681520,1753273681520,1753273681520,USDJPY,bid,146.37000,200000.0,0.000,13
1753273681690,1753273681690,1753273681690,USDJPY,ask,146.40300,50000.0,0.000,13
1753273681690,1753273681690,1753273681690,USDJPY,ask,146.39700,1000.0,0.000,13
1753273681690,1753273681690,1753273681690,USDJPY,ask,146.39900,15000.0,0.000,13
1753273681690,1753273681690,1753273681690,USDJPY,ask,146.40200,30000.0,0.000,13
1753273681690,1753273681690,1753273681690,USDJPY,ask,146.41400,200000.0,0.000,13
1753273681690,1753273681690,1753273681690,USDJPY,bid,146.39700,1000.0,0.000,13
1753273681690,1753273681690,1753273681690,USDJPY,ask,146.40800,100000.0,0.000,13
1753273681690,1753273681690,1753273681690,USDJPY,bid,146.39300,10000.0,0.000,13
1753273681690,1753273681690,1753273681690,USDJPY,bid,146.39100,30000.0,0.000,13
1753273681690,1753273681690,1753273681690,USDJPY,bid,146.38400,100000.0,0.000,13
1753273681690,1753273681690,1753273681690,USDJPY,bid,146.37700,200000.0,0.000,13
1753273681690,1753273681690,1753273681690,USDJPY,bid,146.38900,50000.0,0.000,13
1753273681690,1753273681690,1753273681690,USDJPY,bid,146.39500,5000.0,0.000,13
1753273681890,1753273681890,1753273681890,USDJPY,ask,146.40700,30000.0,0.000,13
1753273681890,1753273681890,1753273681890,USDJPY,ask,146.40400,15000.0,0.000,13
1753273681890,1753273681890,1753273681890,USDJPY,ask,146.41900,200000.0,0.000,13
1753273681890,1753273681890,1753273681890,USDJPY,ask,146.40200,1000.0,0.000,13
1753273681890,1753273681890,1753273681890,USDJPY,ask,146.41300,100000.0,0.000,13
1753273681890,1753273681890,1753273681890,USDJPY,ask,146.40800,50000.0,0.000,13
1753273681890,1753273681890,1753273681890,USDJPY,bid,146.39000,100000.0,0.000,13
1753273681890,1753273681890,1753273681890,USDJPY,bid,146.40200,1000.0,0.000,13
1753273681890,1753273681890,1753273681890,USDJPY,bid,146.38300,200000.0,0.000,13
1753273681890,1753273681890,1753273681890,USDJPY,bid,146.40000,5000.0,0.000,13
1753273681890,1753273681890,1753273681890,USDJPY,bid,146.39500,50000.0,0.000,13
1753273681890,1753273681890,1753273681890,USDJPY,bid,146.39600,30000.0,0.000,13
1753273681890,1753273681890,1753273681890,USDJPY,bid,146.39900,10000.0,0.000,13
1753273682044,1753273682044,1753273682045,USDJPY,ask,146.40700,30000.0,1.000,13
1753273682044,1753273682044,1753273682045,USDJPY,ask,146.40400,15000.0,1.000,13
1753273682044,1753273682044,1753273682045,USDJPY,ask,146.41900,200000.0,1.000,13
1753273682044,1753273682044,1753273682045,USDJPY,ask,146.41300,100000.0,1.000,13
1753273682044,1753273682044,1753273682045,USDJPY,ask,146.40800,50000.0,1.000,13
1753273682044,1753273682044,1753273682045,USDJPY,bid,146.39000,100000.0,1.000,13
1753273682044,1753273682044,1753273682045,USDJPY,bid,146.40200,1000.0,1.000,13
1753273682044,1753273682044,1753273682045,USDJPY,bid,146.38300,200000.0,1.000,13
1753273682044,1753273682044,1753273682045,USDJPY,bid,146.40000,5000.0,1.000,13
1753273682044,1753273682044,1753273682045,USDJPY,bid,146.39500,50000.0,1.000,13
1753273682044,1753273682044,1753273682045,USDJPY,bid,146.39600,30000.0,1.000,13
1753273682044,1753273682044,1753273682045,USDJPY,bid,146.39900,10000.0,1.000,13
1753273682044,1753273682044,1753273682045,USDJPY,ask,146.40200,985.0,1.000,13
1753273682289,1753273682289,1753273682290,USDJPY,ask,146.40700,30000.0,1.000,13
1753273682289,1753273682289,1753273682290,USDJPY,ask,146.40400,15000.0,1.000,13
1753273682289,1753273682289,1753273682290,USDJPY,ask,146.41300,100000.0,1.000,13
1753273682289,1753273682289,1753273682290,USDJPY,bid,146.39000,100000.0,1.000,13
1753273682289,1753273682289,1753273682290,USDJPY,bid,146.38300,200000.0,1.000,13
1753273682289,1753273682289,1753273682290,USDJPY,bid,146.39600,30000.0,1.000,13
1753273682289,1753273682289,1753273682290,USDJPY,ask,146.42000,200000.0,1.000,13
1753273682289,1753273682289,1753273682290,USDJPY,ask,146.40900,50000.0,1.000,13
1753273682289,1753273682289,1753273682290,USDJPY,ask,146.40200,1000.0,1.000,13
1753273682289,1753273682289,1753273682290,USDJPY,bid,146.40100,1000.0,1.000,13
1753273682289,1753273682289,1753273682290,USDJPY,bid,146.39900,5000.0,1.000,13
1753273682289,1753273682289,1753273682290,USDJPY,bid,146.39400,50000.0,1.000,13
1753273682289,1753273682289,1753273682290,USDJPY,bid,146.39800,10000.0,1.000,13
1753273682681,1753273682681,1753273682681,USDJPY,ask,146.40700,30000.0,0.000,13
1753273682681,1753273682681,1753273682681,USDJPY,ask,146.40400,15000.0,0.000,13
1753273682681,1753273682681,1753273682681,USDJPY,ask,146.41300,100000.0,0.000,13
1753273682681,1753273682681,1753273682681,USDJPY,bid,146.39000,100000.0,0.000,13
1753273682681,1753273682681,1753273682681,USDJPY,bid,146.39600,30000.0,0.000,13
1753273682681,1753273682681,1753273682681,USDJPY,ask,146.40200,1000.0,0.000,13
1753273682681,1753273682681,1753273682681,USDJPY,bid,146.40100,1000.0,0.000,13
1753273682681,1753273682681,1753273682681,USDJPY,bid,146.39900,5000.0,0.000,13
1753273682681,1753273682681,1753273682681,USDJPY,bid,146.39400,50000.0,0.000,13
1753273682681,1753273682681,1753273682681,USDJPY,bid,146.39800,10000.0,0.000,13
1753273682681,1753273682681,1753273682681,USDJPY,ask,146.40800,50000.0,0.000,13
1753273682681,1753273682681,1753273682681,USDJPY,ask,146.41900,200000.0,0.000,13
1753273682681,1753273682681,1753273682681,USDJPY,bid,146.38400,200000.0,0.000,13
1753273683289,1753273683289,1753273683289,USDJPY,ask,146.40700,30000.0,0.000,13
1753273683289,1753273683289,1753273683289,USDJPY,ask,146.40400,15000.0,0.000,13
1753273683289,1753273683289,1753273683289,USDJPY,ask,146.41300,100000.0,0.000,13
1753273683289,1753273683289,1753273683289,USDJPY,ask,146.40200,1000.0,0.000,13
1753273683289,1753273683289,1753273683289,USDJPY,bid,146.39400,50000.0,0.000,13
1753273683289,1753273683289,1753273683289,USDJPY,ask,146.40800,50000.0,0.000,13
1753273683289,1753273683289,1753273683289,USDJPY,ask,146.41900,200000.0,0.000,13
1753273683289,1753273683289,1753273683289,USDJPY,bid,146.39700,10000.0,0.000,13
1753273683289,1753273683289,1753273683289,USDJPY,bid,146.38300,200000.0,0.000,13
1753273683289,1753273683289,1753273683289,USDJPY,bid,146.39500,30000.0,0.000,13
1753273683289,1753273683289,1753273683289,USDJPY,bid,146.39800,5000.0,0.000,13
1753273683289,1753273683289,1753273683289,USDJPY,bid,146.40000,1000.0,0.000,13
1753273683289,1753273683289,1753273683289,USDJPY,bid,146.38900,100000.0,0.000,13
1753273683880,1753273683880,1753273683880,USDJPY,ask,146.40400,15000.0,0.000,13
1753273683880,1753273683880,1753273683880,USDJPY,ask,146.40200,1000.0,0.000,13
1753273683880,1753273683880,1753273683880,USDJPY,bid,146.39400,50000.0,0.000,13
1753273683880,1753273683880,1753273683880,USDJPY,bid,146.39700,10000.0,0.000,13
1753273683880,1753273683880,1753273683880,USDJPY,bid,146.38300,200000.0,0.000,13
1753273683880,1753273683880,1753273683880,USDJPY,bid,146.39500,30000.0,0.000,13
1753273683880,1753273683880,1753273683880,USDJPY,bid,146.39800,5000.0,0.000,13
1753273683880,1753273683880,1753273683880,USDJPY,bid,146.40000,1000.0,0.000,13
1753273683880,1753273683880,1753273683880,USDJPY,ask,146.41400,100000.0,0.000,13
1753273683880,1753273683880,1753273683880,USDJPY,ask,146.42000,200000.0,0.000,13
1753273683880,1753273683880,1753273683880,USDJPY,ask,146.40800,30000.0,0.000,13
1753273683880,1753273683880,1753273683880,USDJPY,ask,146.40900,50000.0,0.000,13
1753273683880,1753273683880,1753273683880,USDJPY,bid,146.39000,100000.0,0.000,13
1753273684291,1753273684291,1753273684291,USDJPY,ask,146.40400,15000.0,0.000,13
1753273684291,1753273684291,1753273684291,USDJPY,ask,146.40200,1000.0,0.000,13
1753273684291,1753273684291,1753273684291,USDJPY,bid,146.39700,10000.0,0.000,13
1753273684291,1753273684291,1753273684291,USDJPY,bid,146.39800,5000.0,0.000,13
1753273684291,1753273684291,1753273684291,USDJPY,bid,146.40000,1000.0,0.000,13
1753273684291,1753273684291,1753273684291,USDJPY,ask,146.42000,200000.0,0.000,13
1753273684291,1753273684291,1753273684291,USDJPY,ask,146.40900,50000.0,0.000,13
1753273684291,1753273684291,1753273684291,USDJPY,ask,146.40700,30000.0,0.000,13
1753273684291,1753273684291,1753273684291,USDJPY,ask,146.41300,100000.0,0.000,13
1753273684291,1753273684291,1753273684291,USDJPY,bid,146.39100,100000.0,0.000,13
1753273684291,1753273684291,1753273684291,USDJPY,bid,146.39500,50000.0,0.000,13
1753273684291,1753273684291,1753273684291,USDJPY,bid,146.39600,30000.0,0.000,13
1753273684291,1753273684291,1753273684291,USDJPY,bid,146.38500,200000.0,0.000,13
1753273685324,1753273685324,1753273685324,USDJPY,ask,146.40400,15000.0,0.000,13
1753273685324,1753273685324,1753273685324,USDJPY,ask,146.40200,1000.0,0.000,13
1753273685324,1753273685324,1753273685324,USDJPY,ask,146.42000,200000.0,0.000,13
1753273685324,1753273685324,1753273685324,USDJPY,ask,146.40900,50000.0,0.000,13
1753273685324,1753273685324,1753273685324,USDJPY,ask,146.40700,30000.0,0.000,13
1753273685324,1753273685324,1753273685324,USDJPY,ask,146.41300,100000.0,0.000,13
1753273685324,1753273685324,1753273685324,USDJPY,bid,146.40100,1000.0,0.000,13
1753273685324,1753273685324,1753273685324,USDJPY,bid,146.39200,100000.0,0.000,13
1753273685324,1753273685324,1753273685324,USDJPY,bid,146.39700,30000.0,0.000,13
1753273685324,1753273685324,1753273685324,USDJPY,bid,146.38600,200000.0,0.000,13
1753273685324,1753273685324,1753273685324,USDJPY,bid,146.39900,5000.0,0.000,13
1753273685324,1753273685324,1753273685324,USDJPY,bid,146.39800,10000.0,0.000,13
1753273685324,1753273685324,1753273685324,USDJPY,bid,146.39600,50000.0,0.000,13
1753273686678,1753273686678,1753273686678,USDJPY,ask,146.40400,15000.0,0.000,13
1753273686678,1753273686678,1753273686678,USDJPY,ask,146.40200,1000.0,0.000,13
1753273686678,1753273686678,1753273686678,USDJPY,ask,146.42000,200000.0,0.000,13
1753273686678,1753273686678,1753273686678,USDJPY,ask,146.40900,50000.0,0.000,13
1753273686678,1753273686678,1753273686678,USDJPY,bid,146.40100,1000.0,0.000,13
1753273686678,1753273686678,1753273686678,USDJPY,bid,146.39900,5000.0,0.000,13
1753273686678,1753273686678,1753273686678,USDJPY,bid,146.39800,10000.0,0.000,13
1753273686678,1753273686678,1753273686678,USDJPY,ask,146.40800,30000.0,0.000,13
1753273686678,1753273686678,1753273686678,USDJPY,ask,146.41400,100000.0,0.000,13
1753273686678,1753273686678,1753273686678,USDJPY,bid,146.39500,50000.0,0.000,13
1753273686678,1753273686678,1753273686678,USDJPY,bid,146.39100,100000.0,0.000,13
1753273686678,1753273686678,1753273686678,USDJPY,bid,146.39600,30000.0,0.000,13
1753273686678,1753273686678,1753273686678,USDJPY,bid,146.38500,200000.0,0.000,13
1753273686890,1753273686890,1753273686890,USDJPY,ask,146.40800,30000.0,0.000,13
1753273686890,1753273686890,1753273686890,USDJPY,ask,146.41400,100000.0,0.000,13
1753273686890,1753273686890,1753273686890,USDJPY,ask,146.42100,200000.0,0.000,13
1753273686890,1753273686890,1753273686890,USDJPY,ask,146.41000,50000.0,0.000,13
1753273686890,1753273686890,1753273686890,USDJPY,ask,146.40500,15000.0,0.000,13
1753273686890,1753273686890,1753273686890,USDJPY,ask,146.40300,1000.0,0.000,13
1753273686890,1753273686890,1753273686890,USDJPY,bid,146.40000,5000.0,0.000,13
1753273686890,1753273686890,1753273686890,USDJPY,bid,146.39900,10000.0,0.000,13
1753273686890,1753273686890,1753273686890,USDJPY,bid,146.39300,100000.0,0.000,13
1753273686890,1753273686890,1753273686890,USDJPY,bid,146.40200,1000.0,0.000,13
1753273686890,1753273686890,1753273686890,USDJPY,bid,146.39800,30000.0,0.000,13
1753273686890,1753273686890,1753273686890,USDJPY,bid,146.38700,200000.0,0.000,13
1753273686890,1753273686890,1753273686890,USDJPY,bid,146.39700,50000.0,0.000,13
1753273687089,1753273687089,1753273687089,USDJPY,ask,146.40800,30000.0,0.000,13
1753273687089,1753273687089,1753273687089,USDJPY,ask,146.41400,100000.0,0.000,13
1753273687089,1753273687089,1753273687089,USDJPY,ask,146.42000,200000.0,0.000,13
1753273687089,1753273687089,1753273687089,USDJPY,ask,146.40400,15000.0,0.000,13
1753273687089,1753273687089,1753273687089,USDJPY,ask,146.40900,50000.0,0.000,13
1753273687089,1753273687089,1753273687089,USDJPY,ask,146.40200,1000.0,0.000,13
1753273687089,1753273687089,1753273687089,USDJPY,bid,146.39700,30000.0,0.000,13
1753273687089,1753273687089,1753273687089,USDJPY,bid,146.39800,10000.0,0.000,13
1753273687089,1753273687089,1753273687089,USDJPY,bid,146.39600,50000.0,0.000,13
1753273687089,1753273687089,1753273687089,USDJPY,bid,146.38600,200000.0,0.000,13
1753273687089,1753273687089,1753273687089,USDJPY,bid,146.40100,1000.0,0.000,13
1753273687089,1753273687089,1753273687089,USDJPY,bid,146.39900,5000.0,0.000,13
1753273687089,1753273687089,1753273687089,USDJPY,bid,146.39200,100000.0,0.000,13
1753273687277,1753273687277,1753273687277,USDJPY,ask,146.40800,30000.0,0.000,14
1753273687277,1753273687277,1753273687277,USDJPY,ask,146.40200,1000.0,0.000,14
1753273687277,1753273687277,1753273687277,USDJPY,bid,146.39800,10000.0,0.000,14
1753273687277,1753273687277,1753273687277,USDJPY,bid,146.40100,1000.0,0.000,14
1753273687277,1753273687277,1753273687277,USDJPY,bid,146.39900,5000.0,0.000,14
1753273687277,1753273687277,1753273687277,USDJPY,ask,146.40500,10000.0,0.000,14
1753273687277,1753273687277,1753273687277,USDJPY,ask,146.41000,50000.0,0.000,14
1753273687277,1753273687277,1753273687277,USDJPY,ask,146.41500,100000.0,0.000,14
1753273687277,1753273687277,1753273687277,USDJPY,ask,146.40400,5000.0,0.000,14
1753273687277,1753273687277,1753273687277,USDJPY,ask,146.42100,200000.0,0.000,14
1753273687277,1753273687277,1753273687277,USDJPY,bid,146.39000,100000.0,0.000,14
1753273687277,1753273687277,1753273687277,USDJPY,bid,146.39600,30000.0,0.000,14
1753273687277,1753273687277,1753273687277,USDJPY,bid,146.38400,200000.0,0.000,14
1753273687277,1753273687277,1753273687277,USDJPY,bid,146.39500,50000.0,0.000,14
1753273688486,1753273688486,1753273688486,USDJPY,ask,146.40800,30000.0,0.000,14
1753273688486,1753273688486,1753273688486,USDJPY,ask,146.40200,1000.0,0.000,14
1753273688486,1753273688486,1753273688486,USDJPY,bid,146.39800,10000.0,0.000,14
1753273688486,1753273688486,1753273688486,USDJPY,bid,146.40100,1000.0,0.000,14
1753273688486,1753273688486,1753273688486,USDJPY,bid,146.39900,5000.0,0.000,14
1753273688486,1753273688486,1753273688486,USDJPY,ask,146.40500,10000.0,0.000,14
1753273688486,1753273688486,1753273688486,USDJPY,ask,146.41000,50000.0,0.000,14
1753273688486,1753273688486,1753273688486,USDJPY,ask,146.40400,5000.0,0.000,14
1753273688486,1753273688486,1753273688486,USDJPY,ask,146.42100,200000.0,0.000,14
1753273688486,1753273688486,1753273688486,USDJPY,bid,146.39000,100000.0,0.000,14
1753273688486,1753273688486,1753273688486,USDJPY,bid,146.39600,30000.0,0.000,14
1753273688486,1753273688486,1753273688486,USDJPY,bid,146.38400,200000.0,0.000,14
1753273688486,1753273688486,1753273688486,USDJPY,bid,146.39500,50000.0,0.000,14
1753273688486,1753273688486,1753273688486,USDJPY,ask,146.41400,100000.0,0.000,14
1753273689288,1753273689288,1753273689289,USDJPY,ask,146.40200,1000.0,1.000,13
1753273689288,1753273689288,1753273689289,USDJPY,ask,146.41300,100000.0,1.000,13
1753273689288,1753273689288,1753273689289,USDJPY,ask,146.40900,50000.0,1.000,13
1753273689288,1753273689288,1753273689289,USDJPY,ask,146.42000,200000.0,1.000,13
1753273689288,1753273689288,1753273689289,USDJPY,ask,146.40400,15000.0,1.000,13
1753273689288,1753273689288,1753273689289,USDJPY,ask,146.40700,30000.0,1.000,13
1753273689288,1753273689288,1753273689289,USDJPY,bid,146.39700,30000.0,1.000,13
1753273689288,1753273689288,1753273689289,USDJPY,bid,146.38500,200000.0,1.000,13
1753273689288,1753273689288,1753273689289,USDJPY,bid,146.39900,10000.0,1.000,13
1753273689288,1753273689288,1753273689289,USDJPY,bid,146.39100,100000.0,1.000,13
1753273689288,1753273689288,1753273689289,USDJPY,bid,146.40000,5000.0,1.000,13
1753273689288,1753273689288,1753273689289,USDJPY,bid,146.39600,50000.0,1.000,13
1753273689288,1753273689288,1753273689289,USDJPY,bid,146.40200,1000.0,1.000,13
1753273690681,1753273690681,1753273690681,USDJPY,bid,146.39100,100000.0,0.000,13
1753273690681,1753273690681,1753273690681,USDJPY,ask,146.40700,50000.0,0.000,13
1753273690681,1753273690681,1753273690681,USDJPY,ask,146.40300,15000.0,0.000,13
1753273690681,1753273690681,1753273690681,USDJPY,ask,146.41200,100000.0,0.000,13
1753273690681,1753273690681,1753273690681,USDJPY,ask,146.40600,30000.0,0.000,13
1753273690681,1753273690681,1753273690681,USDJPY,ask,146.41800,200000.0,0.000,13
1753273690681,1753273690681,1753273690681,USDJPY,ask,146.40100,1000.0,0.000,13
1753273690681,1753273690681,1753273690681,USDJPY,bid,146.39500,50000.0,0.000,13
1753273690681,1753273690681,1753273690681,USDJPY,bid,146.39900,5000.0,0.000,13
1753273690681,1753273690681,1753273690681,USDJPY,bid,146.38400,200000.0,0.000,13
1753273690681,1753273690681,1753273690681,USDJPY,bid,146.40100,1000.0,0.000,13
1753273690681,1753273690681,1753273690681,USDJPY,bid,146.39600,30000.0,0.000,13
1753273690681,1753273690681,1753273690681,USDJPY,bid,146.39800,10000.0,0.000,13
1753273692286,1753273692286,1753273692286,USDJPY,ask,146.40900,50000.0,0.000,13
1753273692286,1753273692286,1753273692286,USDJPY,ask,146.40200,1000.0,0.000,13
1753273692286,1753273692286,1753273692286,USDJPY,ask,146.40400,15000.0,0.000,13
1753273692286,1753273692286,1753273692286,USDJPY,ask,146.40700,30000.0,0.000,13
1753273692286,1753273692286,1753273692286,USDJPY,ask,146.41300,100000.0,0.000,13
1753273692286,1753273692286,1753273692286,USDJPY,ask,146.41900,200000.0,0.000,13
1753273692286,1753273692286,1753273692286,USDJPY,bid,146.39700,30000.0,0.000,13
1753273692286,1753273692286,1753273692286,USDJPY,bid,146.38500,200000.0,0.000,13
1753273692286,1753273692286,1753273692286,USDJPY,bid,146.39900,10000.0,0.000,13
1753273692286,1753273692286,1753273692286,USDJPY,bid,146.39200,100000.0,0.000,13
1753273692286,1753273692286,1753273692286,USDJPY,bid,146.39600,50000.0,0.000,13
1753273692286,1753273692286,1753273692286,USDJPY,bid,146.40200,1000.0,0.000,13
1753273692286,1753273692286,1753273692286,USDJPY,bid,146.40000,5000.0,0.000,13
1753273692481,1753273692481,1753273692481,USDJPY,ask,146.40900,50000.0,0.000,14
1753273692481,1753273692481,1753273692481,USDJPY,ask,146.40700,30000.0,0.000,14
1753273692481,1753273692481,1753273692481,USDJPY,ask,146.42100,200000.0,0.000,14
1753273692481,1753273692481,1753273692481,USDJPY,ask,146.40100,1000.0,0.000,14
1753273692481,1753273692481,1753273692481,USDJPY,ask,146.40400,10000.0,0.000,14
1753273692481,1753273692481,1753273692481,USDJPY,ask,146.41400,100000.0,0.000,14
1753273692481,1753273692481,1753273692481,USDJPY,ask,146.40300,5000.0,0.000,14
1753273692481,1753273692481,1753273692481,USDJPY,bid,146.39500,50000.0,0.000,14
1753273692481,1753273692481,1753273692481,USDJPY,bid,146.39100,100000.0,0.000,14
1753273692481,1753273692481,1753273692481,USDJPY,bid,146.39900,5000.0,0.000,14
1753273692481,1753273692481,1753273692481,USDJPY,bid,146.39800,10000.0,0.000,14
1753273692481,1753273692481,1753273692481,USDJPY,bid,146.39600,30000.0,0.000,14
1753273692481,1753273692481,1753273692481,USDJPY,bid,146.40100,1000.0,0.000,14
1753273692481,1753273692481,1753273692481,USDJPY,bid,146.38400,200000.0,0.000,14
1753273692880,1753273692880,1753273692880,USDJPY,ask,146.42100,200000.0,0.000,14
1753273692880,1753273692880,1753273692880,USDJPY,ask,146.40100,1000.0,0.000,14
1753273692880,1753273692880,1753273692880,USDJPY,ask,146.40400,10000.0,0.000,14
1753273692880,1753273692880,1753273692880,USDJPY,ask,146.40300,5000.0,0.000,14
1753273692880,1753273692880,1753273692880,USDJPY,bid,146.39500,50000.0,0.000,14
1753273692880,1753273692880,1753273692880,USDJPY,bid,146.39100,100000.0,0.000,14
1753273692880,1753273692880,1753273692880,USDJPY,bid,146.39900,5000.0,0.000,14
1753273692880,1753273692880,1753273692880,USDJPY,bid,146.39800,10000.0,0.000,14
1753273692880,1753273692880,1753273692880,USDJPY,bid,146.39600,30000.0,0.000,14
1753273692880,1753273692880,1753273692880,USDJPY,bid,146.40100,1000.0,0.000,14
1753273692880,1753273692880,1753273692880,USDJPY,bid,146.38400,200000.0,0.000,14
1753273692880,1753273692880,1753273692880,USDJPY,ask,146.41000,50000.0,0.000,14
1753273692880,1753273692880,1753273692880,USDJPY,ask,146.40800,30000.0,0.000,14
1753273692880,1753273692880,1753273692880,USDJPY,ask,146.41500,100000.0,0.000,14
1753273693516,1753273693516,1753273693516,USDJPY,ask,146.42100,200000.0,0.000,14
1753273693516,1753273693516,1753273693516,USDJPY,ask,146.41000,50000.0,0.000,14
1753273693516,1753273693516,1753273693516,USDJPY,ask,146.40800,30000.0,0.000,14
1753273693516,1753273693516,1753273693516,USDJPY,ask,146.41500,100000.0,0.000,14
1753273693516,1753273693516,1753273693516,USDJPY,ask,146.40500,10000.0,0.000,14
1753273693516,1753273693516,1753273693516,USDJPY,ask,146.40400,5000.0,0.000,14
1753273693516,1753273693516,1753273693516,USDJPY,ask,146.40200,1000.0,0.000,14
1753273693516,1753273693516,1753273693516,USDJPY,bid,146.39600,50000.0,0.000,14
1753273693516,1753273693516,1753273693516,USDJPY,bid,146.39200,100000.0,0.000,14
1753273693516,1753273693516,1753273693516,USDJPY,bid,146.38600,200000.0,0.000,14
1753273693516,1753273693516,1753273693516,USDJPY,bid,146.40200,1000.0,0.000,14
1753273693516,1753273693516,1753273693516,USDJPY,bid,146.39700,30000.0,0.000,14
1753273693516,1753273693516,1753273693516,USDJPY,bid,146.39900,10000.0,0.000,14
1753273693516,1753273693516,1753273693516,USDJPY,bid,146.40000,5000.0,0.000,14
1753273693677,1753273693677,1753273693677,USDJPY,ask,146.40800,30000.0,0.000,13
1753273693677,1753273693677,1753273693677,USDJPY,ask,146.40200,1000.0,0.000,13
1753273693677,1753273693677,1753273693677,USDJPY,bid,146.39600,50000.0,0.000,13
1753273693677,1753273693677,1753273693677,USDJPY,bid,146.39200,100000.0,0.000,13
1753273693677,1753273693677,1753273693677,USDJPY,bid,146.38600,200000.0,0.000,13
1753273693677,1753273693677,1753273693677,USDJPY,bid,146.40200,1000.0,0.000,13
1753273693677,1753273693677,1753273693677,USDJPY,bid,146.39700,30000.0,0.000,13
1753273693677,1753273693677,1753273693677,USDJPY,bid,146.39900,10000.0,0.000,13
1753273693677,1753273693677,1753273693677,USDJPY,bid,146.40000,5000.0,0.000,13
1753273693677,1753273693677,1753273693677,USDJPY,ask,146.42000,200000.0,0.000,13
1753273693677,1753273693677,1753273693677,USDJPY,ask,146.41400,100000.0,0.000,13
1753273693677,1753273693677,1753273693677,USDJPY,ask,146.40400,15000.0,0.000,13
1753273693677,1753273693677,1753273693677,USDJPY,ask,146.40900,50000.0,0.000,13
1753273694292,1753273694292,1753273694292,USDJPY,ask,146.40200,1000.0,0.000,13
1753273694292,1753273694292,1753273694292,USDJPY,bid,146.39600,50000.0,0.000,13
1753273694292,1753273694292,1753273694292,USDJPY,bid,146.39200,100000.0,0.000,13
1753273694292,1753273694292,1753273694292,USDJPY,bid,146.38600,200000.0,0.000,13
1753273694292,1753273694292,1753273694292,USDJPY,bid,146.40200,1000.0,0.000,13
1753273694292,1753273694292,1753273694292,USDJPY,bid,146.39700,30000.0,0.000,13
1753273694292,1753273694292,1753273694292,USDJPY,bid,146.39900,10000.0,0.000,13
1753273694292,1753273694292,1753273694292,USDJPY,bid,146.40000,5000.0,0.000,13
1753273694292,1753273694292,1753273694292,USDJPY,ask,146.42000,200000.0,0.000,13
1753273694292,1753273694292,1753273694292,USDJPY,ask,146.40400,15000.0,0.000,13
1753273694292,1753273694292,1753273694292,USDJPY,ask,146.40900,50000.0,0.000,13
1753273694292,1753273694292,1753273694292,USDJPY,ask,146.41300,100000.0,0.000,13
1753273694292,1753273694292,1753273694292,USDJPY,ask,146.40700,30000.0,0.000,13
1753273694896,1753273694896,1753273694896,USDJPY,ask,146.40200,1000.0,0.000,13
1753273694896,1753273694896,1753273694896,USDJPY,bid,146.39600,50000.0,0.000,13
1753273694896,1753273694896,1753273694896,USDJPY,bid,146.39200,100000.0,0.000,13
1753273694896,1753273694896,1753273694896,USDJPY,bid,146.38600,200000.0,0.000,13
1753273694896,1753273694896,1753273694896,USDJPY,bid,146.40200,1000.0,0.000,13
1753273694896,1753273694896,1753273694896,USDJPY,bid,146.39700,30000.0,0.000,13
1753273694896,1753273694896,1753273694896,USDJPY,bid,146.39900,10000.0,0.000,13
1753273694896,1753273694896,1753273694896,USDJPY,bid,146.40000,5000.0,0.000,13
1753273694896,1753273694896,1753273694896,USDJPY,ask,146.40400,15000.0,0.000,13
