source_timestamp_ms,received_timestamp_ms,log_timestamp_ms,symbol,side,price,volume,latency_ms,total_quotes
1753273654538,1753273654538,1753273654538,AUDUSD,ask,0.65950,1000.0,0.000,14
1753273654538,1753273654538,1753273654538,AUDUSD,ask,0.65955,30000.0,0.000,14
1753273654538,1753273654538,1753273654538,AUDUSD,ask,0.65967,200000.0,0.000,14
1753273654538,1753273654538,1753273654538,AUDUSD,ask,0.65961,100000.0,0.000,14
1753273654538,1753273654538,1753273654538,AUDUSD,ask,0.65952,5000.0,0.000,14
1753273654538,1753273654538,1753273654538,AUDUSD,ask,0.65957,50000.0,0.000,14
1753273654538,1753273654538,1753273654538,AUDUSD,ask,0.65953,10000.0,0.000,14
1753273654538,1753273654538,1753273654538,AUDUSD,bid,0.65948,5000.0,0.000,14
1753273654538,1753273654538,1753273654538,AUDUSD,bid,0.65946,30000.0,0.000,14
1753273654538,1753273654538,1753273654538,AUDUSD,bid,0.65943,100000.0,0.000,14
1753273654538,1753273654538,1753273654538,AUDUSD,bid,0.65950,1000.0,0.000,14
1753273654538,1753273654538,1753273654538,AUDUSD,bid,0.65945,50000.0,0.000,14
1753273654538,1753273654538,1753273654538,AUDUSD,bid,0.65947,10000.0,0.000,14
1753273654538,1753273654538,1753273654538,AUDUSD,bid,0.65937,200000.0,0.000,14
1753273654892,1753273654892,1753273654892,AUDUSD,ask,0.65950,1000.0,0.000,14
1753273654892,1753273654892,1753273654892,AUDUSD,ask,0.65967,200000.0,0.000,14
1753273654892,1753273654892,1753273654892,AUDUSD,ask,0.65961,100000.0,0.000,14
1753273654892,1753273654892,1753273654892,AUDUSD,ask,0.65952,5000.0,0.000,14
1753273654892,1753273654892,1753273654892,AUDUSD,ask,0.65957,50000.0,0.000,14
1753273654892,1753273654892,1753273654892,AUDUSD,ask,0.65953,10000.0,0.000,14
1753273654892,1753273654892,1753273654892,AUDUSD,bid,0.65948,5000.0,0.000,14
1753273654892,1753273654892,1753273654892,AUDUSD,bid,0.65946,30000.0,0.000,14
1753273654892,1753273654892,1753273654892,AUDUSD,bid,0.65943,100000.0,0.000,14
1753273654892,1753273654892,1753273654892,AUDUSD,bid,0.65950,1000.0,0.000,14
1753273654892,1753273654892,1753273654892,AUDUSD,bid,0.65945,50000.0,0.000,14
1753273654892,1753273654892,1753273654892,AUDUSD,bid,0.65947,10000.0,0.000,14
1753273654892,1753273654892,1753273654892,AUDUSD,bid,0.65937,200000.0,0.000,14
1753273654892,1753273654892,1753273654892,AUDUSD,ask,0.65956,30000.0,0.000,14
1753273655891,1753273655891,1753273655891,AUDUSD,ask,0.65949,1000.0,0.000,14
1753273655891,1753273655891,1753273655891,AUDUSD,ask,0.65954,50000.0,0.000,14
1753273655891,1753273655891,1753273655891,AUDUSD,ask,0.65951,5000.0,0.000,14
1753273655891,1753273655891,1753273655891,AUDUSD,ask,0.65953,30000.0,0.000,14
1753273655891,1753273655891,1753273655891,AUDUSD,ask,0.65952,10000.0,0.000,14
1753273655891,1753273655891,1753273655891,AUDUSD,ask,0.65958,100000.0,0.000,14
1753273655891,1753273655891,1753273655891,AUDUSD,ask,0.65964,200000.0,0.000,14
1753273655891,1753273655891,1753273655891,AUDUSD,bid,0.65936,200000.0,0.000,14
1753273655891,1753273655891,1753273655891,AUDUSD,bid,0.65944,50000.0,0.000,14
1753273655891,1753273655891,1753273655891,AUDUSD,bid,0.65945,30000.0,0.000,14
1753273655891,1753273655891,1753273655891,AUDUSD,bid,0.65942,100000.0,0.000,14
1753273655891,1753273655891,1753273655891,AUDUSD,bid,0.65947,5000.0,0.000,14
1753273655891,1753273655891,1753273655891,AUDUSD,bid,0.65949,1000.0,0.000,14
1753273655891,1753273655891,1753273655891,AUDUSD,bid,0.65946,10000.0,0.000,14
1753273656079,1753273656079,1753273656079,AUDUSD,ask,0.65955,100000.0,0.000,14
1753273656079,1753273656079,1753273656079,AUDUSD,ask,0.65951,30000.0,0.000,14
1753273656079,1753273656079,1753273656079,AUDUSD,ask,0.65961,200000.0,0.000,14
1753273656079,1753273656079,1753273656079,AUDUSD,ask,0.65950,10000.0,0.000,14
1753273656079,1753273656079,1753273656079,AUDUSD,ask,0.65947,1000.0,0.000,14
1753273656079,1753273656079,1753273656079,AUDUSD,ask,0.65949,5000.0,0.000,14
1753273656079,1753273656079,1753273656079,AUDUSD,ask,0.65952,50000.0,0.000,14
1753273656079,1753273656079,1753273656079,AUDUSD,bid,0.65947,1000.0,0.000,14
1753273656079,1753273656079,1753273656079,AUDUSD,bid,0.65933,200000.0,0.000,14
1753273656079,1753273656079,1753273656079,AUDUSD,bid,0.65942,50000.0,0.000,14
1753273656079,1753273656079,1753273656079,AUDUSD,bid,0.65940,100000.0,0.000,14
1753273656079,1753273656079,1753273656079,AUDUSD,bid,0.65943,30000.0,0.000,14
1753273656079,1753273656079,1753273656079,AUDUSD,bid,0.65945,5000.0,0.000,14
1753273656079,1753273656079,1753273656079,AUDUSD,bid,0.65944,10000.0,0.000,14
1753273656320,1753273656320,1753273656320,AUDUSD,ask,0.65951,30000.0,0.000,14
1753273656320,1753273656320,1753273656320,AUDUSD,bid,0.65933,200000.0,0.000,14
1753273656320,1753273656320,1753273656320,AUDUSD,ask,0.65946,1000.0,0.000,14
1753273656320,1753273656320,1753273656320,AUDUSD,ask,0.65953,50000.0,0.000,14
1753273656320,1753273656320,1753273656320,AUDUSD,ask,0.65963,200000.0,0.000,14
1753273656320,1753273656320,1753273656320,AUDUSD,ask,0.65949,10000.0,0.000,14
1753273656320,1753273656320,1753273656320,AUDUSD,ask,0.65957,100000.0,0.000,14
1753273656320,1753273656320,1753273656320,AUDUSD,ask,0.65948,5000.0,0.000,14
1753273656320,1753273656320,1753273656320,AUDUSD,bid,0.65941,50000.0,0.000,14
1753273656320,1753273656320,1753273656320,AUDUSD,bid,0.65944,5000.0,0.000,14
1753273656320,1753273656320,1753273656320,AUDUSD,bid,0.65943,10000.0,0.000,14
1753273656320,1753273656320,1753273656320,AUDUSD,bid,0.65939,100000.0,0.000,14
1753273656320,1753273656320,1753273656320,AUDUSD,bid,0.65946,1000.0,0.000,14
1753273656320,1753273656320,1753273656320,AUDUSD,bid,0.65942,30000.0,0.000,14
1753273656490,1753273656490,1753273656490,AUDUSD,ask,0.65951,30000.0,0.000,14
1753273656490,1753273656490,1753273656490,AUDUSD,bid,0.65933,200000.0,0.000,14
1753273656490,1753273656490,1753273656490,AUDUSD,ask,0.65946,1000.0,0.000,14
1753273656490,1753273656490,1753273656490,AUDUSD,ask,0.65949,10000.0,0.000,14
1753273656490,1753273656490,1753273656490,AUDUSD,ask,0.65948,5000.0,0.000,14
1753273656490,1753273656490,1753273656490,AUDUSD,bid,0.65941,50000.0,0.000,14
1753273656490,1753273656490,1753273656490,AUDUSD,bid,0.65944,5000.0,0.000,14
1753273656490,1753273656490,1753273656490,AUDUSD,bid,0.65943,10000.0,0.000,14
1753273656490,1753273656490,1753273656490,AUDUSD,bid,0.65939,100000.0,0.000,14
1753273656490,1753273656490,1753273656490,AUDUSD,bid,0.65946,1000.0,0.000,14
1753273656490,1753273656490,1753273656490,AUDUSD,bid,0.65942,30000.0,0.000,14
1753273656490,1753273656490,1753273656490,AUDUSD,ask,0.65956,100000.0,0.000,14
1753273656490,1753273656490,1753273656490,AUDUSD,ask,0.65962,200000.0,0.000,14
1753273656490,1753273656490,1753273656490,AUDUSD,ask,0.65952,50000.0,0.000,14
1753273656723,1753273656723,1753273656723,AUDUSD,ask,0.65951,30000.0,0.000,14
1753273656723,1753273656723,1753273656723,AUDUSD,ask,0.65949,10000.0,0.000,14
1753273656723,1753273656723,1753273656723,AUDUSD,ask,0.65953,50000.0,0.000,14
1753273656723,1753273656723,1753273656723,AUDUSD,ask,0.65957,100000.0,0.000,14
1753273656723,1753273656723,1753273656723,AUDUSD,ask,0.65947,5000.0,0.000,14
1753273656723,1753273656723,1753273656723,AUDUSD,ask,0.65945,1000.0,0.000,14
1753273656723,1753273656723,1753273656723,AUDUSD,ask,0.65963,200000.0,0.000,14
1753273656723,1753273656723,1753273656723,AUDUSD,bid,0.65941,30000.0,0.000,14
1753273656723,1753273656723,1753273656723,AUDUSD,bid,0.65938,100000.0,0.000,14
1753273656723,1753273656723,1753273656723,AUDUSD,bid,0.65931,200000.0,0.000,14
1753273656723,1753273656723,1753273656723,AUDUSD,bid,0.65942,10000.0,0.000,14
1753273656723,1753273656723,1753273656723,AUDUSD,bid,0.65945,1000.0,0.000,14
1753273656723,1753273656723,1753273656723,AUDUSD,bid,0.65940,50000.0,0.000,14
1753273656723,1753273656723,1753273656723,AUDUSD,bid,0.65943,5000.0,0.000,14
1753273656895,1753273656895,1753273656895,AUDUSD,ask,0.65948,1000.0,0.000,14
1753273656895,1753273656895,1753273656895,AUDUSD,ask,0.65954,30000.0,0.000,14
1753273656895,1753273656895,1753273656895,AUDUSD,ask,0.65966,200000.0,0.000,14
1753273656895,1753273656895,1753273656895,AUDUSD,ask,0.65952,10000.0,0.000,14
1753273656895,1753273656895,1753273656895,AUDUSD,ask,0.65960,100000.0,0.000,14
1753273656895,1753273656895,1753273656895,AUDUSD,ask,0.65950,5000.0,0.000,14
1753273656895,1753273656895,1753273656895,AUDUSD,ask,0.65956,50000.0,0.000,14
1753273656895,1753273656895,1753273656895,AUDUSD,bid,0.65945,10000.0,0.000,14
1753273656895,1753273656895,1753273656895,AUDUSD,bid,0.65941,100000.0,0.000,14
1753273656895,1753273656895,1753273656895,AUDUSD,bid,0.65946,5000.0,0.000,14
1753273656895,1753273656895,1753273656895,AUDUSD,bid,0.65943,50000.0,0.000,14
1753273656895,1753273656895,1753273656895,AUDUSD,bid,0.65948,1000.0,0.000,14
1753273656895,1753273656895,1753273656895,AUDUSD,bid,0.65934,200000.0,0.000,14
1753273656895,1753273656895,1753273656895,AUDUSD,bid,0.65944,30000.0,0.000,14
1753273657051,1753273657051,1753273657051,AUDUSD,ask,0.65966,200000.0,0.000,14
1753273657051,1753273657051,1753273657051,AUDUSD,ask,0.65952,10000.0,0.000,14
1753273657051,1753273657051,1753273657051,AUDUSD,ask,0.65960,100000.0,0.000,14
1753273657051,1753273657051,1753273657051,AUDUSD,ask,0.65956,50000.0,0.000,14
1753273657051,1753273657051,1753273657051,AUDUSD,ask,0.65949,1000.0,0.000,14
1753273657051,1753273657051,1753273657051,AUDUSD,ask,0.65951,5000.0,0.000,14
1753273657051,1753273657051,1753273657051,AUDUSD,ask,0.65955,30000.0,0.000,14
1753273657051,1753273657051,1753273657051,AUDUSD,bid,0.65945,30000.0,0.000,14
1753273657051,1753273657051,1753273657051,AUDUSD,bid,0.65935,200000.0,0.000,14
1753273657051,1753273657051,1753273657051,AUDUSD,bid,0.65947,5000.0,0.000,14
1753273657051,1753273657051,1753273657051,AUDUSD,bid,0.65949,1000.0,0.000,14
1753273657051,1753273657051,1753273657051,AUDUSD,bid,0.65946,10000.0,0.000,14
1753273657051,1753273657051,1753273657051,AUDUSD,bid,0.65942,100000.0,0.000,14
1753273657051,1753273657051,1753273657051,AUDUSD,bid,0.65944,50000.0,0.000,14
1753273657314,1753273657314,1753273657314,AUDUSD,ask,0.65952,30000.0,0.000,14
1753273657314,1753273657314,1753273657314,AUDUSD,ask,0.65947,1000.0,0.000,14
1753273657314,1753273657314,1753273657314,AUDUSD,ask,0.65957,100000.0,0.000,14
1753273657314,1753273657314,1753273657314,AUDUSD,ask,0.65953,50000.0,0.000,14
1753273657314,1753273657314,1753273657314,AUDUSD,ask,0.65950,10000.0,0.000,14
1753273657314,1753273657314,1753273657314,AUDUSD,ask,0.65963,200000.0,0.000,14
1753273657314,1753273657314,1753273657314,AUDUSD,ask,0.65949,5000.0,0.000,14
1753273657314,1753273657314,1753273657314,AUDUSD,bid,0.65942,30000.0,0.000,14
1753273657314,1753273657314,1753273657314,AUDUSD,bid,0.65939,100000.0,0.000,14
1753273657314,1753273657314,1753273657314,AUDUSD,bid,0.65946,1000.0,0.000,14
1753273657314,1753273657314,1753273657314,AUDUSD,bid,0.65944,5000.0,0.000,14
1753273657314,1753273657314,1753273657314,AUDUSD,bid,0.65943,10000.0,0.000,14
1753273657314,1753273657314,1753273657314,AUDUSD,bid,0.65933,200000.0,0.000,14
1753273657314,1753273657314,1753273657314,AUDUSD,bid,0.65941,50000.0,0.000,14
1753273657485,1753273657485,1753273657485,AUDUSD,ask,0.65952,30000.0,0.000,13
1753273657485,1753273657485,1753273657485,AUDUSD,ask,0.65947,1000.0,0.000,13
1753273657485,1753273657485,1753273657485,AUDUSD,ask,0.65957,100000.0,0.000,13
1753273657485,1753273657485,1753273657485,AUDUSD,ask,0.65950,10000.0,0.000,13
1753273657485,1753273657485,1753273657485,AUDUSD,ask,0.65963,200000.0,0.000,13
1753273657485,1753273657485,1753273657485,AUDUSD,ask,0.65949,5000.0,0.000,13
1753273657485,1753273657485,1753273657485,AUDUSD,bid,0.65946,1000.0,0.000,13
1753273657485,1753273657485,1753273657485,AUDUSD,bid,0.65944,5000.0,0.000,13
1753273657485,1753273657485,1753273657485,AUDUSD,bid,0.65943,10000.0,0.000,13
1753273657485,1753273657485,1753273657485,AUDUSD,bid,0.65933,200000.0,0.000,13
1753273657485,1753273657485,1753273657485,AUDUSD,ask,0.65954,50000.0,0.000,13
1753273657485,1753273657485,1753273657485,AUDUSD,bid,0.65942,80000.0,0.000,13
1753273657485,1753273657485,1753273657485,AUDUSD,bid,0.65940,100000.0,0.000,13
1753273657697,1753273657697,1753273657698,AUDUSD,ask,0.65954,50000.0,1.000,14
1753273657697,1753273657697,1753273657698,AUDUSD,bid,0.65940,100000.0,1.000,14
1753273657697,1753273657697,1753273657698,AUDUSD,ask,0.65964,200000.0,1.000,14
1753273657697,1753273657697,1753273657698,AUDUSD,ask,0.65958,100000.0,1.000,14
1753273657697,1753273657697,1753273657698,AUDUSD,ask,0.65950,5000.0,1.000,14
1753273657697,1753273657697,1753273657698,AUDUSD,ask,0.65953,30000.0,1.000,14
1753273657697,1753273657697,1753273657698,AUDUSD,ask,0.65948,1000.0,1.000,14
1753273657697,1753273657697,1753273657698,AUDUSD,ask,0.65951,10000.0,1.000,14
1753273657697,1753273657697,1753273657698,AUDUSD,bid,0.65934,200000.0,1.000,14
1753273657697,1753273657697,1753273657698,AUDUSD,bid,0.65947,1000.0,1.000,14
1753273657697,1753273657697,1753273657698,AUDUSD,bid,0.65945,5000.0,1.000,14
1753273657697,1753273657697,1753273657698,AUDUSD,bid,0.65942,50000.0,1.000,14
1753273657697,1753273657697,1753273657698,AUDUSD,bid,0.65944,10000.0,1.000,14
1753273657697,1753273657697,1753273657698,AUDUSD,bid,0.65943,30000.0,1.000,14
1753273657882,1753273657882,1753273657882,AUDUSD,ask,0.65954,50000.0,0.000,14
1753273657882,1753273657882,1753273657882,AUDUSD,bid,0.65940,100000.0,0.000,14
1753273657882,1753273657882,1753273657882,AUDUSD,ask,0.65950,5000.0,0.000,14
1753273657882,1753273657882,1753273657882,AUDUSD,ask,0.65953,30000.0,0.000,14
1753273657882,1753273657882,1753273657882,AUDUSD,ask,0.65948,1000.0,0.000,14
1753273657882,1753273657882,1753273657882,AUDUSD,ask,0.65951,10000.0,0.000,14
1753273657882,1753273657882,1753273657882,AUDUSD,bid,0.65947,1000.0,0.000,14
1753273657882,1753273657882,1753273657882,AUDUSD,bid,0.65945,5000.0,0.000,14
1753273657882,1753273657882,1753273657882,AUDUSD,bid,0.65942,50000.0,0.000,14
1753273657882,1753273657882,1753273657882,AUDUSD,bid,0.65944,10000.0,0.000,14
1753273657882,1753273657882,1753273657882,AUDUSD,bid,0.65943,30000.0,0.000,14
1753273657882,1753273657882,1753273657882,AUDUSD,ask,0.65957,100000.0,0.000,14
1753273657882,1753273657882,1753273657882,AUDUSD,ask,0.65963,200000.0,0.000,14
1753273657882,1753273657882,1753273657882,AUDUSD,bid,0.65933,200000.0,0.000,14
1753273658289,1753273658289,1753273658289,AUDUSD,ask,0.65950,5000.0,0.000,14
1753273658289,1753273658289,1753273658289,AUDUSD,ask,0.65948,1000.0,0.000,14
1753273658289,1753273658289,1753273658289,AUDUSD,ask,0.65951,10000.0,0.000,14
1753273658289,1753273658289,1753273658289,AUDUSD,bid,0.65947,1000.0,0.000,14
1753273658289,1753273658289,1753273658289,AUDUSD,bid,0.65945,5000.0,0.000,14
1753273658289,1753273658289,1753273658289,AUDUSD,bid,0.65942,50000.0,0.000,14
1753273658289,1753273658289,1753273658289,AUDUSD,bid,0.65944,10000.0,0.000,14
1753273658289,1753273658289,1753273658289,AUDUSD,bid,0.65943,30000.0,0.000,14
1753273658289,1753273658289,1753273658289,AUDUSD,ask,0.65957,100000.0,0.000,14
1753273658289,1753273658289,1753273658289,AUDUSD,ask,0.65963,200000.0,0.000,14
1753273658289,1753273658289,1753273658289,AUDUSD,bid,0.65933,200000.0,0.000,14
1753273658289,1753273658289,1753273658289,AUDUSD,ask,0.65953,50000.0,0.000,14
1753273658289,1753273658289,1753273658289,AUDUSD,ask,0.65952,30000.0,0.000,14
1753273658289,1753273658289,1753273658289,AUDUSD,bid,0.65939,100000.0,0.000,14
1753273658883,1753273658883,1753273658883,AUDUSD,ask,0.65950,5000.0,0.000,14
1753273658883,1753273658883,1753273658883,AUDUSD,ask,0.65948,1000.0,0.000,14
1753273658883,1753273658883,1753273658883,AUDUSD,ask,0.65951,10000.0,0.000,14
1753273658883,1753273658883,1753273658883,AUDUSD,bid,0.65947,1000.0,0.000,14
1753273658883,1753273658883,1753273658883,AUDUSD,bid,0.65945,5000.0,0.000,14
1753273658883,1753273658883,1753273658883,AUDUSD,bid,0.65942,50000.0,0.000,14
1753273658883,1753273658883,1753273658883,AUDUSD,bid,0.65944,10000.0,0.000,14
1753273658883,1753273658883,1753273658883,AUDUSD,bid,0.65943,30000.0,0.000,14
1753273658883,1753273658883,1753273658883,AUDUSD,ask,0.65957,100000.0,0.000,14
1753273658883,1753273658883,1753273658883,AUDUSD,ask,0.65963,200000.0,0.000,14
1753273658883,1753273658883,1753273658883,AUDUSD,bid,0.65933,200000.0,0.000,14
1753273658883,1753273658883,1753273658883,AUDUSD,bid,0.65939,100000.0,0.000,14
1753273658883,1753273658883,1753273658883,AUDUSD,ask,0.65953,30000.0,0.000,14
1753273658883,1753273658883,1753273658883,AUDUSD,ask,0.65954,50000.0,0.000,14
1753273659297,1753273659297,1753273659298,AUDUSD,ask,0.65950,5000.0,1.000,14
1753273659297,1753273659297,1753273659298,AUDUSD,ask,0.65948,1000.0,1.000,14
1753273659297,1753273659297,1753273659298,AUDUSD,ask,0.65951,10000.0,1.000,14
1753273659297,1753273659297,1753273659298,AUDUSD,bid,0.65947,1000.0,1.000,14
1753273659297,1753273659297,1753273659298,AUDUSD,bid,0.65945,5000.0,1.000,14
1753273659297,1753273659297,1753273659298,AUDUSD,bid,0.65942,50000.0,1.000,14
1753273659297,1753273659297,1753273659298,AUDUSD,bid,0.65944,10000.0,1.000,14
1753273659297,1753273659297,1753273659298,AUDUSD,bid,0.65943,30000.0,1.000,14
1753273659297,1753273659297,1753273659298,AUDUSD,ask,0.65963,200000.0,1.000,14
1753273659297,1753273659297,1753273659298,AUDUSD,bid,0.65933,200000.0,1.000,14
1753273659297,1753273659297,1753273659298,AUDUSD,bid,0.65939,100000.0,1.000,14
1753273659297,1753273659297,1753273659298,AUDUSD,ask,0.65953,30000.0,1.000,14
1753273659297,1753273659297,1753273659298,AUDUSD,ask,0.65954,50000.0,1.000,14
1753273659297,1753273659297,1753273659298,AUDUSD,ask,0.65958,100000.0,1.000,14
1753273660300,1753273660300,1753273660300,AUDUSD,ask,0.65963,200000.0,0.000,14
1753273660300,1753273660300,1753273660300,AUDUSD,bid,0.65933,200000.0,0.000,14
1753273660300,1753273660300,1753273660300,AUDUSD,bid,0.65939,100000.0,0.000,14
1753273660300,1753273660300,1753273660300,AUDUSD,ask,0.65954,50000.0,0.000,14
1753273660300,1753273660300,1753273660300,AUDUSD,ask,0.65952,30000.0,0.000,14
1753273660300,1753273660300,1753273660300,AUDUSD,ask,0.65947,1000.0,0.000,14
1753273660300,1753273660300,1753273660300,AUDUSD,ask,0.65949,5000.0,0.000,14
1753273660300,1753273660300,1753273660300,AUDUSD,ask,0.65957,100000.0,0.000,14
1753273660300,1753273660300,1753273660300,AUDUSD,ask,0.65950,10000.0,0.000,14
1753273660300,1753273660300,1753273660300,AUDUSD,bid,0.65942,30000.0,0.000,14
1753273660300,1753273660300,1753273660300,AUDUSD,bid,0.65944,5000.0,0.000,14
1753273660300,1753273660300,1753273660300,AUDUSD,bid,0.65946,1000.0,0.000,14
1753273660300,1753273660300,1753273660300,AUDUSD,bid,0.65941,50000.0,0.000,14
1753273660300,1753273660300,1753273660300,AUDUSD,bid,0.65943,10000.0,0.000,14
1753273661282,1753273661282,1753273661282,AUDUSD,bid,0.65933,200000.0,0.000,14
1753273661282,1753273661282,1753273661282,AUDUSD,bid,0.65939,100000.0,0.000,14
1753273661282,1753273661282,1753273661282,AUDUSD,ask,0.65954,50000.0,0.000,14
1753273661282,1753273661282,1753273661282,AUDUSD,ask,0.65952,30000.0,0.000,14
1753273661282,1753273661282,1753273661282,AUDUSD,ask,0.65947,1000.0,0.000,14
1753273661282,1753273661282,1753273661282,AUDUSD,ask,0.65949,5000.0,0.000,14
1753273661282,1753273661282,1753273661282,AUDUSD,ask,0.65950,10000.0,0.000,14
1753273661282,1753273661282,1753273661282,AUDUSD,bid,0.65942,30000.0,0.000,14
1753273661282,1753273661282,1753273661282,AUDUSD,bid,0.65944,5000.0,0.000,14
1753273661282,1753273661282,1753273661282,AUDUSD,bid,0.65946,1000.0,0.000,14
1753273661282,1753273661282,1753273661282,AUDUSD,bid,0.65941,50000.0,0.000,14
1753273661282,1753273661282,1753273661282,AUDUSD,bid,0.65943,10000.0,0.000,14
1753273661282,1753273661282,1753273661282,AUDUSD,ask,0.65964,200000.0,0.000,14
1753273661282,1753273661282,1753273661282,AUDUSD,ask,0.65958,100000.0,0.000,14
1753273662684,1753273662684,1753273662684,AUDUSD,bid,0.65939,100000.0,0.000,14
1753273662684,1753273662684,1753273662684,AUDUSD,ask,0.65954,50000.0,0.000,14
1753273662684,1753273662684,1753273662684,AUDUSD,ask,0.65952,30000.0,0.000,14
1753273662684,1753273662684,1753273662684,AUDUSD,ask,0.65947,1000.0,0.000,14
1753273662684,1753273662684,1753273662684,AUDUSD,ask,0.65949,5000.0,0.000,14
1753273662684,1753273662684,1753273662684,AUDUSD,ask,0.65950,10000.0,0.000,14
1753273662684,1753273662684,1753273662684,AUDUSD,bid,0.65942,30000.0,0.000,14
1753273662684,1753273662684,1753273662684,AUDUSD,bid,0.65944,5000.0,0.000,14
1753273662684,1753273662684,1753273662684,AUDUSD,bid,0.65946,1000.0,0.000,14
1753273662684,1753273662684,1753273662684,AUDUSD,bid,0.65941,50000.0,0.000,14
1753273662684,1753273662684,1753273662684,AUDUSD,bid,0.65943,10000.0,0.000,14
1753273662684,1753273662684,1753273662684,AUDUSD,ask,0.65964,200000.0,0.000,14
1753273662684,1753273662684,1753273662684,AUDUSD,ask,0.65958,100000.0,0.000,14
1753273662684,1753273662684,1753273662684,AUDUSD,bid,0.65932,200000.0,0.000,14
1753273664294,1753273664294,1753273664294,AUDUSD,ask,0.65954,50000.0,0.000,14
1753273664294,1753273664294,1753273664294,AUDUSD,ask,0.65952,30000.0,0.000,14
1753273664294,1753273664294,1753273664294,AUDUSD,ask,0.65947,1000.0,0.000,14
1753273664294,1753273664294,1753273664294,AUDUSD,ask,0.65949,5000.0,0.000,14
1753273664294,1753273664294,1753273664294,AUDUSD,ask,0.65950,10000.0,0.000,14
1753273664294,1753273664294,1753273664294,AUDUSD,ask,0.65964,200000.0,0.000,14
1753273664294,1753273664294,1753273664294,AUDUSD,ask,0.65958,100000.0,0.000,14
1753273664294,1753273664294,1753273664294,AUDUSD,bid,0.65940,100000.0,0.000,14
1753273664294,1753273664294,1753273664294,AUDUSD,bid,0.65944,10000.0,0.000,14
1753273664294,1753273664294,1753273664294,AUDUSD,bid,0.65933,200000.0,0.000,14
1753273664294,1753273664294,1753273664294,AUDUSD,bid,0.65945,5000.0,0.000,14
1753273664294,1753273664294,1753273664294,AUDUSD,bid,0.65947,1000.0,0.000,14
1753273664294,1753273664294,1753273664294,AUDUSD,bid,0.65943,30000.0,0.000,14
1753273664294,1753273664294,1753273664294,AUDUSD,bid,0.65942,50000.0,0.000,14
1753273666890,1753273666890,1753273666890,AUDUSD,ask,0.65949,30000.0,0.000,13
1753273666890,1753273666890,1753273666890,AUDUSD,ask,0.65948,10000.0,0.000,13
1753273666890,1753273666890,1753273666890,AUDUSD,ask,0.65950,50000.0,0.000,13
1753273666890,1753273666890,1753273666890,AUDUSD,ask,0.65953,100000.0,0.000,13
1753273666890,1753273666890,1753273666890,AUDUSD,ask,0.65947,5000.0,0.000,13
1753273666890,1753273666890,1753273666890,AUDUSD,ask,0.65959,200000.0,0.000,13
1753273666890,1753273666890,1753273666890,AUDUSD,ask,0.65945,1000.0,0.000,13
1753273666890,1753273666890,1753273666890,AUDUSD,bid,0.65939,100000.0,0.000,13
1753273666890,1753273666890,1753273666890,AUDUSD,bid,0.65932,200000.0,0.000,13
1753273666890,1753273666890,1753273666890,AUDUSD,bid,0.65941,80000.0,0.000,13
1753273666890,1753273666890,1753273666890,AUDUSD,bid,0.65945,1000.0,0.000,13
1753273666890,1753273666890,1753273666890,AUDUSD,bid,0.65942,10000.0,0.000,13
1753273666890,1753273666890,1753273666890,AUDUSD,bid,0.65943,5000.0,0.000,13
1753273667084,1753273667084,1753273667084,AUDUSD,ask,0.65949,30000.0,0.000,14
1753273667084,1753273667084,1753273667084,AUDUSD,ask,0.65948,10000.0,0.000,14
1753273667084,1753273667084,1753273667084,AUDUSD,ask,0.65950,50000.0,0.000,14
1753273667084,1753273667084,1753273667084,AUDUSD,ask,0.65953,100000.0,0.000,14
1753273667084,1753273667084,1753273667084,AUDUSD,ask,0.65947,5000.0,0.000,14
1753273667084,1753273667084,1753273667084,AUDUSD,ask,0.65959,200000.0,0.000,14
1753273667084,1753273667084,1753273667084,AUDUSD,ask,0.65945,1000.0,0.000,14
1753273667084,1753273667084,1753273667084,AUDUSD,bid,0.65945,1000.0,0.000,14
1753273667084,1753273667084,1753273667084,AUDUSD,bid,0.65942,10000.0,0.000,14
1753273667084,1753273667084,1753273667084,AUDUSD,bid,0.65943,5000.0,0.000,14
1753273667084,1753273667084,1753273667084,AUDUSD,bid,0.65941,30000.0,0.000,14
1753273667084,1753273667084,1753273667084,AUDUSD,bid,0.65938,100000.0,0.000,14
1753273667084,1753273667084,1753273667084,AUDUSD,bid,0.65931,200000.0,0.000,14
1753273667084,1753273667084,1753273667084,AUDUSD,bid,0.65940,50000.0,0.000,14
1753273667517,1753273667517,1753273667517,AUDUSD,ask,0.65948,5000.0,0.000,14
1753273667517,1753273667517,1753273667517,AUDUSD,ask,0.65960,200000.0,0.000,14
1753273667517,1753273667517,1753273667517,AUDUSD,ask,0.65949,10000.0,0.000,14
1753273667517,1753273667517,1753273667517,AUDUSD,ask,0.65946,1000.0,0.000,14
1753273667517,1753273667517,1753273667517,AUDUSD,ask,0.65951,50000.0,0.000,14
1753273667517,1753273667517,1753273667517,AUDUSD,ask,0.65954,100000.0,0.000,14
1753273667517,1753273667517,1753273667517,AUDUSD,ask,0.65950,30000.0,0.000,14
1753273667517,1753273667517,1753273667517,AUDUSD,bid,0.65943,10000.0,0.000,14
1753273667517,1753273667517,1753273667517,AUDUSD,bid,0.65939,100000.0,0.000,14
1753273667517,1753273667517,1753273667517,AUDUSD,bid,0.65932,200000.0,0.000,14
1753273667517,1753273667517,1753273667517,AUDUSD,bid,0.65944,5000.0,0.000,14
1753273667517,1753273667517,1753273667517,AUDUSD,bid,0.65942,30000.0,0.000,14
1753273667517,1753273667517,1753273667517,AUDUSD,bid,0.65946,1000.0,0.000,14
1753273667517,1753273667517,1753273667517,AUDUSD,bid,0.65941,50000.0,0.000,14
1753273667725,1753273667725,1753273667725,AUDUSD,ask,0.65948,5000.0,0.000,14
1753273667725,1753273667725,1753273667725,AUDUSD,ask,0.65960,200000.0,0.000,14
1753273667725,1753273667725,1753273667725,AUDUSD,ask,0.65949,10000.0,0.000,14
1753273667725,1753273667725,1753273667725,AUDUSD,ask,0.65946,1000.0,0.000,14
1753273667725,1753273667725,1753273667725,AUDUSD,ask,0.65951,50000.0,0.000,14
1753273667725,1753273667725,1753273667725,AUDUSD,ask,0.65954,100000.0,0.000,14
1753273667725,1753273667725,1753273667725,AUDUSD,ask,0.65950,30000.0,0.000,14
1753273667725,1753273667725,1753273667725,AUDUSD,bid,0.65943,10000.0,0.000,14
1753273667725,1753273667725,1753273667725,AUDUSD,bid,0.65932,200000.0,0.000,14
1753273667725,1753273667725,1753273667725,AUDUSD,bid,0.65944,5000.0,0.000,14
1753273667725,1753273667725,1753273667725,AUDUSD,bid,0.65942,30000.0,0.000,14
1753273667725,1753273667725,1753273667725,AUDUSD,bid,0.65946,1000.0,0.000,14
1753273667725,1753273667725,1753273667725,AUDUSD,bid,0.65941,50000.0,0.000,14
1753273667725,1753273667725,1753273667725,AUDUSD,bid,0.65938,100000.0,0.000,14
1753273672314,1753273672314,1753273672314,AUDUSD,ask,0.65951,50000.0,0.000,14
1753273672314,1753273672314,1753273672314,AUDUSD,ask,0.65950,30000.0,0.000,14
1753273672314,1753273672314,1753273672314,AUDUSD,ask,0.65948,10000.0,0.000,14
1753273672314,1753273672314,1753273672314,AUDUSD,ask,0.65947,5000.0,0.000,14
1753273672314,1753273672314,1753273672314,AUDUSD,ask,0.65945,1000.0,0.000,14
1753273672314,1753273672314,1753273672314,AUDUSD,ask,0.65961,200000.0,0.000,14
1753273672314,1753273672314,1753273672314,AUDUSD,ask,0.65955,100000.0,0.000,14
1753273672314,1753273672314,1753273672314,AUDUSD,bid,0.65943,5000.0,0.000,14
1753273672314,1753273672314,1753273672314,AUDUSD,bid,0.65940,30000.0,0.000,14
1753273672314,1753273672314,1753273672314,AUDUSD,bid,0.65937,100000.0,0.000,14
1753273672314,1753273672314,1753273672314,AUDUSD,bid,0.65945,1000.0,0.000,14
1753273672314,1753273672314,1753273672314,AUDUSD,bid,0.65939,50000.0,0.000,14
1753273672314,1753273672314,1753273672314,AUDUSD,bid,0.65942,10000.0,0.000,14
1753273672314,1753273672314,1753273672314,AUDUSD,bid,0.65930,200000.0,0.000,14
1753273672718,1753273672718,1753273672718,AUDUSD,ask,0.65946,30000.0,0.000,14
1753273672718,1753273672718,1753273672718,AUDUSD,ask,0.65943,5000.0,0.000,14
1753273672718,1753273672718,1753273672718,AUDUSD,ask,0.65957,200000.0,0.000,14
1753273672718,1753273672718,1753273672718,AUDUSD,ask,0.65951,100000.0,0.000,14
1753273672718,1753273672718,1753273672718,AUDUSD,ask,0.65947,50000.0,0.000,14
1753273672718,1753273672718,1753273672718,AUDUSD,ask,0.65941,1000.0,0.000,14
1753273672718,1753273672718,1753273672718,AUDUSD,ask,0.65944,10000.0,0.000,14
1753273672718,1753273672718,1753273672718,AUDUSD,bid,0.65939,5000.0,0.000,14
1753273672718,1753273672718,1753273672718,AUDUSD,bid,0.65933,100000.0,0.000,14
1753273672718,1753273672718,1753273672718,AUDUSD,bid,0.65936,50000.0,0.000,14
1753273672718,1753273672718,1753273672718,AUDUSD,bid,0.65927,200000.0,0.000,14
1753273672718,1753273672718,1753273672718,AUDUSD,bid,0.65938,10000.0,0.000,14
1753273672718,1753273672718,1753273672718,AUDUSD,bid,0.65941,1000.0,0.000,14
1753273672718,1753273672718,1753273672718,AUDUSD,bid,0.65937,30000.0,0.000,14
1753273672886,1753273672886,1753273672886,AUDUSD,ask,0.65946,30000.0,0.000,14
1753273672886,1753273672886,1753273672886,AUDUSD,ask,0.65943,5000.0,0.000,14
1753273672886,1753273672886,1753273672886,AUDUSD,ask,0.65957,200000.0,0.000,14
1753273672886,1753273672886,1753273672886,AUDUSD,ask,0.65951,100000.0,0.000,14
1753273672886,1753273672886,1753273672886,AUDUSD,ask,0.65941,1000.0,0.000,14
1753273672886,1753273672886,1753273672886,AUDUSD,ask,0.65944,10000.0,0.000,14
1753273672886,1753273672886,1753273672886,AUDUSD,bid,0.65939,5000.0,0.000,14
1753273672886,1753273672886,1753273672886,AUDUSD,bid,0.65933,100000.0,0.000,14
1753273672886,1753273672886,1753273672886,AUDUSD,bid,0.65936,50000.0,0.000,14
1753273672886,1753273672886,1753273672886,AUDUSD,bid,0.65927,200000.0,0.000,14
1753273672886,1753273672886,1753273672886,AUDUSD,bid,0.65938,10000.0,0.000,14
1753273672886,1753273672886,1753273672886,AUDUSD,bid,0.65941,1000.0,0.000,14
1753273672886,1753273672886,1753273672886,AUDUSD,bid,0.65937,30000.0,0.000,14
1753273672886,1753273672886,1753273672886,AUDUSD,ask,0.65948,50000.0,0.000,14
1753273673293,1753273673293,1753273673293,AUDUSD,ask,0.65946,30000.0,0.000,14
1753273673293,1753273673293,1753273673293,AUDUSD,ask,0.65943,5000.0,0.000,14
1753273673293,1753273673293,1753273673293,AUDUSD,ask,0.65941,1000.0,0.000,14
1753273673293,1753273673293,1753273673293,AUDUSD,ask,0.65944,10000.0,0.000,14
1753273673293,1753273673293,1753273673293,AUDUSD,bid,0.65939,5000.0,0.000,14
1753273673293,1753273673293,1753273673293,AUDUSD,bid,0.65933,100000.0,0.000,14
1753273673293,1753273673293,1753273673293,AUDUSD,bid,0.65936,50000.0,0.000,14
1753273673293,1753273673293,1753273673293,AUDUSD,bid,0.65927,200000.0,0.000,14
1753273673293,1753273673293,1753273673293,AUDUSD,bid,0.65938,10000.0,0.000,14
1753273673293,1753273673293,1753273673293,AUDUSD,bid,0.65941,1000.0,0.000,14
1753273673293,1753273673293,1753273673293,AUDUSD,bid,0.65937,30000.0,0.000,14
1753273673293,1753273673293,1753273673293,AUDUSD,ask,0.65948,50000.0,0.000,14
1753273673293,1753273673293,1753273673293,AUDUSD,ask,0.65952,100000.0,0.000,14
1753273673293,1753273673293,1753273673293,AUDUSD,ask,0.65958,200000.0,0.000,14
1753273673490,1753273673490,1753273673490,AUDUSD,ask,0.65944,5000.0,0.000,14
1753273673490,1753273673490,1753273673490,AUDUSD,ask,0.65949,50000.0,0.000,14
1753273673490,1753273673490,1753273673490,AUDUSD,ask,0.65959,200000.0,0.000,14
1753273673490,1753273673490,1753273673490,AUDUSD,ask,0.65945,10000.0,0.000,14
1753273673490,1753273673490,1753273673490,AUDUSD,ask,0.65953,100000.0,0.000,14
1753273673490,1753273673490,1753273673490,AUDUSD,ask,0.65942,1000.0,0.000,14
1753273673490,1753273673490,1753273673490,AUDUSD,ask,0.65947,30000.0,0.000,14
1753273673490,1753273673490,1753273673490,AUDUSD,bid,0.65942,1000.0,0.000,14
1753273673490,1753273673490,1753273673490,AUDUSD,bid,0.65928,200000.0,0.000,14
1753273673490,1753273673490,1753273673490,AUDUSD,bid,0.65938,30000.0,0.000,14
1753273673490,1753273673490,1753273673490,AUDUSD,bid,0.65940,5000.0,0.000,14
1753273673490,1753273673490,1753273673490,AUDUSD,bid,0.65939,10000.0,0.000,14
1753273673490,1753273673490,1753273673490,AUDUSD,bid,0.65934,100000.0,0.000,14
1753273673490,1753273673490,1753273673490,AUDUSD,bid,0.65937,50000.0,0.000,14
1753273674290,1753273674290,1753273674290,AUDUSD,ask,0.65944,5000.0,0.000,14
1753273674290,1753273674290,1753273674290,AUDUSD,ask,0.65949,50000.0,0.000,14
1753273674290,1753273674290,1753273674290,AUDUSD,ask,0.65959,200000.0,0.000,14
1753273674290,1753273674290,1753273674290,AUDUSD,ask,0.65945,10000.0,0.000,14
1753273674290,1753273674290,1753273674290,AUDUSD,ask,0.65953,100000.0,0.000,14
1753273674290,1753273674290,1753273674290,AUDUSD,ask,0.65942,1000.0,0.000,14
1753273674290,1753273674290,1753273674290,AUDUSD,ask,0.65947,30000.0,0.000,14
1753273674290,1753273674290,1753273674290,AUDUSD,bid,0.65927,200000.0,0.000,14
1753273674290,1753273674290,1753273674290,AUDUSD,bid,0.65939,5000.0,0.000,14
1753273674290,1753273674290,1753273674290,AUDUSD,bid,0.65941,1000.0,0.000,14
1753273674290,1753273674290,1753273674290,AUDUSD,bid,0.65936,50000.0,0.000,14
1753273674290,1753273674290,1753273674290,AUDUSD,bid,0.65933,100000.0,0.000,14
1753273674290,1753273674290,1753273674290,AUDUSD,bid,0.65938,10000.0,0.000,14
1753273674290,1753273674290,1753273674290,AUDUSD,bid,0.65937,30000.0,0.000,14
1753273676043,1753273676043,1753273676043,AUDUSD,ask,0.65944,5000.0,0.000,14
1753273676043,1753273676043,1753273676043,AUDUSD,ask,0.65949,50000.0,0.000,14
1753273676043,1753273676043,1753273676043,AUDUSD,ask,0.65959,200000.0,0.000,14
1753273676043,1753273676043,1753273676043,AUDUSD,ask,0.65945,10000.0,0.000,14
1753273676043,1753273676043,1753273676043,AUDUSD,ask,0.65953,100000.0,0.000,14
1753273676043,1753273676043,1753273676043,AUDUSD,ask,0.65942,1000.0,0.000,14
1753273676043,1753273676043,1753273676043,AUDUSD,ask,0.65947,30000.0,0.000,14
1753273676043,1753273676043,1753273676043,AUDUSD,bid,0.65927,200000.0,0.000,14
1753273676043,1753273676043,1753273676043,AUDUSD,bid,0.65939,5000.0,0.000,14
1753273676043,1753273676043,1753273676043,AUDUSD,bid,0.65941,1000.0,0.000,14
1753273676043,1753273676043,1753273676043,AUDUSD,bid,0.65936,50000.0,0.000,14
1753273676043,1753273676043,1753273676043,AUDUSD,bid,0.65938,10000.0,0.000,14
1753273676043,1753273676043,1753273676043,AUDUSD,bid,0.65937,30000.0,0.000,14
1753273676043,1753273676043,1753273676043,AUDUSD,bid,0.65934,100000.0,0.000,14
1753273676292,1753273676292,1753273676293,AUDUSD,ask,0.65944,5000.0,1.000,14
1753273676292,1753273676292,1753273676293,AUDUSD,ask,0.65949,50000.0,1.000,14
1753273676292,1753273676292,1753273676293,AUDUSD,ask,0.65959,200000.0,1.000,14
1753273676292,1753273676292,1753273676293,AUDUSD,ask,0.65945,10000.0,1.000,14
1753273676292,1753273676292,1753273676293,AUDUSD,ask,0.65953,100000.0,1.000,14
1753273676292,1753273676292,1753273676293,AUDUSD,ask,0.65942,1000.0,1.000,14
1753273676292,1753273676292,1753273676293,AUDUSD,ask,0.65947,30000.0,1.000,14
1753273676292,1753273676292,1753273676293,AUDUSD,bid,0.65942,1000.0,1.000,14
1753273676292,1753273676292,1753273676293,AUDUSD,bid,0.65935,100000.0,1.000,14
1753273676292,1753273676292,1753273676293,AUDUSD,bid,0.65937,50000.0,1.000,14
1753273676292,1753273676292,1753273676293,AUDUSD,bid,0.65928,200000.0,1.000,14
1753273676292,1753273676292,1753273676293,AUDUSD,bid,0.65938,30000.0,1.000,14
1753273676292,1753273676292,1753273676293,AUDUSD,bid,0.65940,5000.0,1.000,14
1753273676292,1753273676292,1753273676293,AUDUSD,bid,0.65939,10000.0,1.000,14
1753273676888,1753273676888,1753273676888,AUDUSD,ask,0.65952,100000.0,0.000,14
1753273676888,1753273676888,1753273676888,AUDUSD,ask,0.65941,1000.0,0.000,14
1753273676888,1753273676888,1753273676888,AUDUSD,ask,0.65943,5000.0,0.000,14
1753273676888,1753273676888,1753273676888,AUDUSD,ask,0.65944,10000.0,0.000,14
1753273676888,1753273676888,1753273676888,AUDUSD,ask,0.65948,50000.0,0.000,14
1753273676888,1753273676888,1753273676888,AUDUSD,ask,0.65958,200000.0,0.000,14
1753273676888,1753273676888,1753273676888,AUDUSD,ask,0.65946,30000.0,0.000,14
1753273676888,1753273676888,1753273676888,AUDUSD,bid,0.65941,1000.0,0.000,14
1753273676888,1753273676888,1753273676888,AUDUSD,bid,0.65934,100000.0,0.000,14
1753273676888,1753273676888,1753273676888,AUDUSD,bid,0.65927,200000.0,0.000,14
1753273676888,1753273676888,1753273676888,AUDUSD,bid,0.65938,10000.0,0.000,14
1753273676888,1753273676888,1753273676888,AUDUSD,bid,0.65939,5000.0,0.000,14
1753273676888,1753273676888,1753273676888,AUDUSD,bid,0.65936,50000.0,0.000,14
1753273676888,1753273676888,1753273676888,AUDUSD,bid,0.65937,30000.0,0.000,14
1753273677690,1753273677690,1753273677690,AUDUSD,ask,0.65952,100000.0,0.000,14
1753273677690,1753273677690,1753273677690,AUDUSD,ask,0.65941,1000.0,0.000,14
1753273677690,1753273677690,1753273677690,AUDUSD,ask,0.65943,5000.0,0.000,14
1753273677690,1753273677690,1753273677690,AUDUSD,ask,0.65944,10000.0,0.000,14
1753273677690,1753273677690,1753273677690,AUDUSD,ask,0.65948,50000.0,0.000,14
1753273677690,1753273677690,1753273677690,AUDUSD,bid,0.65941,1000.0,0.000,14
1753273677690,1753273677690,1753273677690,AUDUSD,bid,0.65934,100000.0,0.000,14
1753273677690,1753273677690,1753273677690,AUDUSD,bid,0.65927,200000.0,0.000,14
1753273677690,1753273677690,1753273677690,AUDUSD,bid,0.65938,10000.0,0.000,14
1753273677690,1753273677690,1753273677690,AUDUSD,bid,0.65939,5000.0,0.000,14
1753273677690,1753273677690,1753273677690,AUDUSD,bid,0.65936,50000.0,0.000,14
1753273677690,1753273677690,1753273677690,AUDUSD,bid,0.65937,30000.0,0.000,14
1753273677690,1753273677690,1753273677690,AUDUSD,ask,0.65947,30000.0,0.000,14
1753273677690,1753273677690,1753273677690,AUDUSD,ask,0.65959,200000.0,0.000,14
1753273678284,1753273678284,1753273678284,AUDUSD,ask,0.65945,10000.0,0.000,14
1753273678284,1753273678284,1753273678284,AUDUSD,ask,0.65960,200000.0,0.000,14
1753273678284,1753273678284,1753273678284,AUDUSD,ask,0.65949,50000.0,0.000,14
1753273678284,1753273678284,1753273678284,AUDUSD,ask,0.65944,5000.0,0.000,14
1753273678284,1753273678284,1753273678284,AUDUSD,ask,0.65942,1000.0,0.000,14
1753273678284,1753273678284,1753273678284,AUDUSD,ask,0.65948,30000.0,0.000,14
1753273678284,1753273678284,1753273678284,AUDUSD,ask,0.65953,100000.0,0.000,14
1753273678284,1753273678284,1753273678284,AUDUSD,bid,0.65937,50000.0,0.000,14
1753273678284,1753273678284,1753273678284,AUDUSD,bid,0.65940,5000.0,0.000,14
1753273678284,1753273678284,1753273678284,AUDUSD,bid,0.65935,100000.0,0.000,14
1753273678284,1753273678284,1753273678284,AUDUSD,bid,0.65939,10000.0,0.000,14
1753273678284,1753273678284,1753273678284,AUDUSD,bid,0.65942,1000.0,0.000,14
1753273678284,1753273678284,1753273678284,AUDUSD,bid,0.65938,30000.0,0.000,14
1753273678284,1753273678284,1753273678284,AUDUSD,bid,0.65928,200000.0,0.000,14
1753273679283,1753273679283,1753273679283,AUDUSD,ask,0.65945,10000.0,0.000,14
1753273679283,1753273679283,1753273679283,AUDUSD,ask,0.65949,50000.0,0.000,14
1753273679283,1753273679283,1753273679283,AUDUSD,ask,0.65953,100000.0,0.000,14
1753273679283,1753273679283,1753273679283,AUDUSD,bid,0.65928,200000.0,0.000,14
1753273679283,1753273679283,1753273679283,AUDUSD,ask,0.65959,200000.0,0.000,14
1753273679283,1753273679283,1753273679283,AUDUSD,ask,0.65943,5000.0,0.000,14
1753273679283,1753273679283,1753273679283,AUDUSD,ask,0.65947,30000.0,0.000,14
1753273679283,1753273679283,1753273679283,AUDUSD,ask,0.65941,1000.0,0.000,14
1753273679283,1753273679283,1753273679283,AUDUSD,bid,0.65934,100000.0,0.000,14
1753273679283,1753273679283,1753273679283,AUDUSD,bid,0.65936,50000.0,0.000,14
1753273679283,1753273679283,1753273679283,AUDUSD,bid,0.65937,30000.0,0.000,14
1753273679283,1753273679283,1753273679283,AUDUSD,bid,0.65941,1000.0,0.000,14
1753273679283,1753273679283,1753273679283,AUDUSD,bid,0.65938,10000.0,0.000,14
1753273679283,1753273679283,1753273679283,AUDUSD,bid,0.65939,5000.0,0.000,14
1753273679492,1753273679492,1753273679492,AUDUSD,ask,0.65945,10000.0,0.000,14
1753273679492,1753273679492,1753273679492,AUDUSD,ask,0.65949,50000.0,0.000,14
1753273679492,1753273679492,1753273679492,AUDUSD,ask,0.65953,100000.0,0.000,14
1753273679492,1753273679492,1753273679492,AUDUSD,ask,0.65959,200000.0,0.000,14
1753273679492,1753273679492,1753273679492,AUDUSD,ask,0.65943,5000.0,0.000,14
1753273679492,1753273679492,1753273679492,AUDUSD,ask,0.65947,30000.0,0.000,14
1753273679492,1753273679492,1753273679492,AUDUSD,ask,0.65941,1000.0,0.000,14
1753273679492,1753273679492,1753273679492,AUDUSD,bid,0.65934,100000.0,0.000,14
1753273679492,1753273679492,1753273679492,AUDUSD,bid,0.65936,50000.0,0.000,14
1753273679492,1753273679492,1753273679492,AUDUSD,bid,0.65937,30000.0,0.000,14
1753273679492,1753273679492,1753273679492,AUDUSD,bid,0.65941,1000.0,0.000,14
1753273679492,1753273679492,1753273679492,AUDUSD,bid,0.65938,10000.0,0.000,14
1753273679492,1753273679492,1753273679492,AUDUSD,bid,0.65939,5000.0,0.000,14
1753273679492,1753273679492,1753273679492,AUDUSD,bid,0.65927,200000.0,0.000,14
1753273679686,1753273679686,1753273679686,AUDUSD,ask,0.65943,5000.0,0.000,14
1753273679686,1753273679686,1753273679686,AUDUSD,ask,0.65941,1000.0,0.000,14
1753273679686,1753273679686,1753273679686,AUDUSD,bid,0.65934,100000.0,0.000,14
1753273679686,1753273679686,1753273679686,AUDUSD,bid,0.65936,50000.0,0.000,14
1753273679686,1753273679686,1753273679686,AUDUSD,bid,0.65937,30000.0,0.000,14
1753273679686,1753273679686,1753273679686,AUDUSD,bid,0.65941,1000.0,0.000,14
1753273679686,1753273679686,1753273679686,AUDUSD,bid,0.65938,10000.0,0.000,14
1753273679686,1753273679686,1753273679686,AUDUSD,bid,0.65939,5000.0,0.000,14
1753273679686,1753273679686,1753273679686,AUDUSD,bid,0.65927,200000.0,0.000,14
1753273679686,1753273679686,1753273679686,AUDUSD,ask,0.65952,100000.0,0.000,14
1753273679686,1753273679686,1753273679686,AUDUSD,ask,0.65958,200000.0,0.000,14
1753273679686,1753273679686,1753273679686,AUDUSD,ask,0.65944,10000.0,0.000,14
1753273679686,1753273679686,1753273679686,AUDUSD,ask,0.65948,50000.0,0.000,14
1753273679686,1753273679686,1753273679686,AUDUSD,ask,0.65946,30000.0,0.000,14
1753273680292,1753273680292,1753273680292,AUDUSD,ask,0.65943,5000.0,0.000,14
1753273680292,1753273680292,1753273680292,AUDUSD,ask,0.65941,1000.0,0.000,14
1753273680292,1753273680292,1753273680292,AUDUSD,bid,0.65934,100000.0,0.000,14
1753273680292,1753273680292,1753273680292,AUDUSD,bid,0.65936,50000.0,0.000,14
1753273680292,1753273680292,1753273680292,AUDUSD,bid,0.65937,30000.0,0.000,14
1753273680292,1753273680292,1753273680292,AUDUSD,bid,0.65941,1000.0,0.000,14
1753273680292,1753273680292,1753273680292,AUDUSD,bid,0.65938,10000.0,0.000,14
1753273680292,1753273680292,1753273680292,AUDUSD,bid,0.65939,5000.0,0.000,14
1753273680292,1753273680292,1753273680292,AUDUSD,bid,0.65927,200000.0,0.000,14
1753273680292,1753273680292,1753273680292,AUDUSD,ask,0.65944,10000.0,0.000,14
1753273680292,1753273680292,1753273680292,AUDUSD,ask,0.65950,100000.0,0.000,14
1753273680292,1753273680292,1753273680292,AUDUSD,ask,0.65955,200000.0,0.000,14
1753273680292,1753273680292,1753273680292,AUDUSD,ask,0.65945,30000.0,0.000,14
1753273680292,1753273680292,1753273680292,AUDUSD,ask,0.65946,50000.0,0.000,14
1753273680492,1753273680492,1753273680492,AUDUSD,ask,0.65954,200000.0,0.000,14
1753273680492,1753273680492,1753273680492,AUDUSD,ask,0.65944,30000.0,0.000,14
1753273680492,1753273680492,1753273680492,AUDUSD,ask,0.65943,10000.0,0.000,14
1753273680492,1753273680492,1753273680492,AUDUSD,ask,0.65942,5000.0,0.000,14
1753273680492,1753273680492,1753273680492,AUDUSD,ask,0.65949,100000.0,0.000,14
1753273680492,1753273680492,1753273680492,AUDUSD,ask,0.65945,50000.0,0.000,14
1753273680492,1753273680492,1753273680492,AUDUSD,ask,0.65940,1000.0,0.000,14
1753273680492,1753273680492,1753273680492,AUDUSD,bid,0.65938,5000.0,0.000,14
1753273680492,1753273680492,1753273680492,AUDUSD,bid,0.65935,30000.0,0.000,14
1753273680492,1753273680492,1753273680492,AUDUSD,bid,0.65940,1000.0,0.000,14
1753273680492,1753273680492,1753273680492,AUDUSD,bid,0.65934,50000.0,0.000,14
1753273680492,1753273680492,1753273680492,AUDUSD,bid,0.65925,200000.0,0.000,14
1753273680492,1753273680492,1753273680492,AUDUSD,bid,0.65931,100000.0,0.000,14
1753273680492,1753273680492,1753273680492,AUDUSD,bid,0.65937,10000.0,0.000,14
1753273680696,1753273680696,1753273680696,AUDUSD,ask,0.65944,30000.0,0.000,14
1753273680696,1753273680696,1753273680696,AUDUSD,ask,0.65943,10000.0,0.000,14
1753273680696,1753273680696,1753273680696,AUDUSD,ask,0.65942,5000.0,0.000,14
1753273680696,1753273680696,1753273680696,AUDUSD,ask,0.65945,50000.0,0.000,14
1753273680696,1753273680696,1753273680696,AUDUSD,ask,0.65940,1000.0,0.000,14
1753273680696,1753273680696,1753273680696,AUDUSD,bid,0.65938,5000.0,0.000,14
1753273680696,1753273680696,1753273680696,AUDUSD,bid,0.65935,30000.0,0.000,14
1753273680696,1753273680696,1753273680696,AUDUSD,bid,0.65940,1000.0,0.000,14
1753273680696,1753273680696,1753273680696,AUDUSD,bid,0.65931,100000.0,0.000,14
1753273680696,1753273680696,1753273680696,AUDUSD,bid,0.65937,10000.0,0.000,14
1753273680696,1753273680696,1753273680696,AUDUSD,ask,0.65948,100000.0,0.000,14
1753273680696,1753273680696,1753273680696,AUDUSD,ask,0.65953,200000.0,0.000,14
1753273680696,1753273680696,1753273680696,AUDUSD,bid,0.65924,200000.0,0.000,14
1753273680696,1753273680696,1753273680696,AUDUSD,bid,0.65933,50000.0,0.000,14
1753273680887,1753273680887,1753273680887,AUDUSD,ask,0.65943,10000.0,0.000,13
1753273680887,1753273680887,1753273680887,AUDUSD,ask,0.65942,5000.0,0.000,13
1753273680887,1753273680887,1753273680887,AUDUSD,ask,0.65940,1000.0,0.000,13
1753273680887,1753273680887,1753273680887,AUDUSD,bid,0.65938,5000.0,0.000,13
1753273680887,1753273680887,1753273680887,AUDUSD,bid,0.65935,30000.0,0.000,13
1753273680887,1753273680887,1753273680887,AUDUSD,bid,0.65940,1000.0,0.000,13
1753273680887,1753273680887,1753273680887,AUDUSD,bid,0.65931,100000.0,0.000,13
1753273680887,1753273680887,1753273680887,AUDUSD,bid,0.65937,10000.0,0.000,13
1753273680887,1753273680887,1753273680887,AUDUSD,ask,0.65948,100000.0,0.000,13
1753273680887,1753273680887,1753273680887,AUDUSD,ask,0.65953,200000.0,0.000,13
1753273680887,1753273680887,1753273680887,AUDUSD,ask,0.65944,80000.0,0.000,13
1753273680887,1753273680887,1753273680887,AUDUSD,bid,0.65925,200000.0,0.000,13
1753273680887,1753273680887,1753273680887,AUDUSD,bid,0.65934,50000.0,0.000,13
1753273681293,1753273681293,1753273681293,AUDUSD,ask,0.65943,10000.0,0.000,14
1753273681293,1753273681293,1753273681293,AUDUSD,ask,0.65942,5000.0,0.000,14
1753273681293,1753273681293,1753273681293,AUDUSD,ask,0.65940,1000.0,0.000,14
1753273681293,1753273681293,1753273681293,AUDUSD,bid,0.65938,5000.0,0.000,14
1753273681293,1753273681293,1753273681293,AUDUSD,bid,0.65940,1000.0,0.000,14
1753273681293,1753273681293,1753273681293,AUDUSD,bid,0.65937,10000.0,0.000,14
1753273681293,1753273681293,1753273681293,AUDUSD,ask,0.65948,100000.0,0.000,14
1753273681293,1753273681293,1753273681293,AUDUSD,ask,0.65954,200000.0,0.000,14
1753273681293,1753273681293,1753273681293,AUDUSD,ask,0.65945,50000.0,0.000,14
1753273681293,1753273681293,1753273681293,AUDUSD,ask,0.65944,30000.0,0.000,14
1753273681293,1753273681293,1753273681293,AUDUSD,bid,0.65936,30000.0,0.000,14
1753273681293,1753273681293,1753273681293,AUDUSD,bid,0.65926,200000.0,0.000,14
1753273681293,1753273681293,1753273681293,AUDUSD,bid,0.65932,100000.0,0.000,14
1753273681293,1753273681293,1753273681293,AUDUSD,bid,0.65935,50000.0,0.000,14
1753273681519,1753273681519,1753273681519,AUDUSD,ask,0.65943,10000.0,0.000,14
1753273681519,1753273681519,1753273681519,AUDUSD,ask,0.65942,5000.0,0.000,14
1753273681519,1753273681519,1753273681519,AUDUSD,ask,0.65940,1000.0,0.000,14
1753273681519,1753273681519,1753273681519,AUDUSD,bid,0.65938,5000.0,0.000,14
1753273681519,1753273681519,1753273681519,AUDUSD,bid,0.65940,1000.0,0.000,14
1753273681519,1753273681519,1753273681519,AUDUSD,bid,0.65937,10000.0,0.000,14
1753273681519,1753273681519,1753273681519,AUDUSD,bid,0.65936,30000.0,0.000,14
1753273681519,1753273681519,1753273681519,AUDUSD,bid,0.65926,200000.0,0.000,14
1753273681519,1753273681519,1753273681519,AUDUSD,bid,0.65935,50000.0,0.000,14
1753273681519,1753273681519,1753273681519,AUDUSD,ask,0.65950,100000.0,0.000,14
1753273681519,1753273681519,1753273681519,AUDUSD,ask,0.65945,30000.0,0.000,14
1753273681519,1753273681519,1753273681519,AUDUSD,ask,0.65946,50000.0,0.000,14
1753273681519,1753273681519,1753273681519,AUDUSD,ask,0.65955,200000.0,0.000,14
1753273681519,1753273681519,1753273681519,AUDUSD,bid,0.65933,100000.0,0.000,14
1753273681698,1753273681698,1753273681698,AUDUSD,ask,0.65946,30000.0,0.000,14
1753273681698,1753273681698,1753273681698,AUDUSD,ask,0.65948,50000.0,0.000,14
1753273681698,1753273681698,1753273681698,AUDUSD,ask,0.65943,5000.0,0.000,14
1753273681698,1753273681698,1753273681698,AUDUSD,ask,0.65941,1000.0,0.000,14
1753273681698,1753273681698,1753273681698,AUDUSD,ask,0.65952,100000.0,0.000,14
1753273681698,1753273681698,1753273681698,AUDUSD,ask,0.65957,200000.0,0.000,14
1753273681698,1753273681698,1753273681698,AUDUSD,ask,0.65944,10000.0,0.000,14
1753273681698,1753273681698,1753273681698,AUDUSD,bid,0.65934,100000.0,0.000,14
1753273681698,1753273681698,1753273681698,AUDUSD,bid,0.65927,200000.0,0.000,14
1753273681698,1753273681698,1753273681698,AUDUSD,bid,0.65939,5000.0,0.000,14
1753273681698,1753273681698,1753273681698,AUDUSD,bid,0.65937,30000.0,0.000,14
1753273681698,1753273681698,1753273681698,AUDUSD,bid,0.65938,10000.0,0.000,14
1753273681698,1753273681698,1753273681698,AUDUSD,bid,0.65936,50000.0,0.000,14
1753273681698,1753273681698,1753273681698,AUDUSD,bid,0.65941,1000.0,0.000,14
1753273681918,1753273681918,1753273681918,AUDUSD,ask,0.65942,5000.0,0.000,14
1753273681918,1753273681918,1753273681918,AUDUSD,ask,0.65954,200000.0,0.000,14
1753273681918,1753273681918,1753273681918,AUDUSD,ask,0.65949,100000.0,0.000,14
1753273681918,1753273681918,1753273681918,AUDUSD,ask,0.65943,10000.0,0.000,14
1753273681918,1753273681918,1753273681918,AUDUSD,ask,0.65945,50000.0,0.000,14
1753273681918,1753273681918,1753273681918,AUDUSD,ask,0.65944,30000.0,0.000,14
1753273681918,1753273681918,1753273681918,AUDUSD,ask,0.65940,1000.0,0.000,14
1753273681918,1753273681918,1753273681918,AUDUSD,bid,0.65935,50000.0,0.000,14
1753273681918,1753273681918,1753273681918,AUDUSD,bid,0.65936,30000.0,0.000,14
1753273681918,1753273681918,1753273681918,AUDUSD,bid,0.65937,10000.0,0.000,14
1753273681918,1753273681918,1753273681918,AUDUSD,bid,0.65932,100000.0,0.000,14
1753273681918,1753273681918,1753273681918,AUDUSD,bid,0.65940,1000.0,0.000,14
1753273681918,1753273681918,1753273681918,AUDUSD,bid,0.65926,200000.0,0.000,14
1753273681918,1753273681918,1753273681918,AUDUSD,bid,0.65938,5000.0,0.000,14
1753273682297,1753273682297,1753273682297,AUDUSD,bid,0.65932,100000.0,0.000,14
1753273682297,1753273682297,1753273682297,AUDUSD,bid,0.65926,200000.0,0.000,14
1753273682297,1753273682297,1753273682297,AUDUSD,ask,0.65953,200000.0,0.000,14
1753273682297,1753273682297,1753273682297,AUDUSD,ask,0.65947,100000.0,0.000,14
1753273682297,1753273682297,1753273682297,AUDUSD,ask,0.65943,30000.0,0.000,14
1753273682297,1753273682297,1753273682297,AUDUSD,ask,0.65944,50000.0,0.000,14
1753273682297,1753273682297,1753273682297,AUDUSD,ask,0.65939,1000.0,0.000,14
1753273682297,1753273682297,1753273682297,AUDUSD,ask,0.65942,10000.0,0.000,14
1753273682297,1753273682297,1753273682297,AUDUSD,ask,0.65941,5000.0,0.000,14
1753273682297,1753273682297,1753273682297,AUDUSD,bid,0.65935,30000.0,0.000,14
1753273682297,1753273682297,1753273682297,AUDUSD,bid,0.65936,10000.0,0.000,14
1753273682297,1753273682297,1753273682297,AUDUSD,bid,0.65939,1000.0,0.000,14
1753273682297,1753273682297,1753273682297,AUDUSD,bid,0.65937,5000.0,0.000,14
1753273682297,1753273682297,1753273682297,AUDUSD,bid,0.65934,50000.0,0.000,14
1753273682479,1753273682479,1753273682479,AUDUSD,bid,0.65932,100000.0,0.000,13
1753273682479,1753273682479,1753273682479,AUDUSD,bid,0.65926,200000.0,0.000,13
1753273682479,1753273682479,1753273682479,AUDUSD,ask,0.65939,1000.0,0.000,13
1753273682479,1753273682479,1753273682479,AUDUSD,ask,0.65942,10000.0,0.000,13
1753273682479,1753273682479,1753273682479,AUDUSD,ask,0.65941,5000.0,0.000,13
1753273682479,1753273682479,1753273682479,AUDUSD,bid,0.65936,10000.0,0.000,13
1753273682479,1753273682479,1753273682479,AUDUSD,bid,0.65939,1000.0,0.000,13
1753273682479,1753273682479,1753273682479,AUDUSD,bid,0.65937,5000.0,0.000,13
1753273682479,1753273682479,1753273682479,AUDUSD,ask,0.65948,100000.0,0.000,13
1753273682479,1753273682479,1753273682479,AUDUSD,ask,0.65944,30000.0,0.000,13
1753273682479,1753273682479,1753273682479,AUDUSD,ask,0.65954,200000.0,0.000,13
1753273682479,1753273682479,1753273682479,AUDUSD,ask,0.65945,50000.0,0.000,13
1753273682479,1753273682479,1753273682479,AUDUSD,bid,0.65935,80000.0,0.000,13
1753273682885,1753273682885,1753273682885,AUDUSD,bid,0.65926,200000.0,0.000,13
1753273682885,1753273682885,1753273682885,AUDUSD,ask,0.65939,1000.0,0.000,13
1753273682885,1753273682885,1753273682885,AUDUSD,ask,0.65942,10000.0,0.000,13
1753273682885,1753273682885,1753273682885,AUDUSD,ask,0.65941,5000.0,0.000,13
1753273682885,1753273682885,1753273682885,AUDUSD,bid,0.65936,10000.0,0.000,13
1753273682885,1753273682885,1753273682885,AUDUSD,bid,0.65939,1000.0,0.000,13
1753273682885,1753273682885,1753273682885,AUDUSD,bid,0.65937,5000.0,0.000,13
1753273682885,1753273682885,1753273682885,AUDUSD,ask,0.65948,100000.0,0.000,13
1753273682885,1753273682885,1753273682885,AUDUSD,ask,0.65944,30000.0,0.000,13
1753273682885,1753273682885,1753273682885,AUDUSD,ask,0.65954,200000.0,0.000,13
1753273682885,1753273682885,1753273682885,AUDUSD,ask,0.65945,50000.0,0.000,13
1753273682885,1753273682885,1753273682885,AUDUSD,bid,0.65935,80000.0,0.000,13
1753273682885,1753273682885,1753273682885,AUDUSD,bid,0.65933,100000.0,0.000,13
1753273683284,1753273683284,1753273683284,AUDUSD,ask,0.65939,1000.0,0.000,14
1753273683284,1753273683284,1753273683284,AUDUSD,ask,0.65942,10000.0,0.000,14
1753273683284,1753273683284,1753273683284,AUDUSD,ask,0.65941,5000.0,0.000,14
1753273683284,1753273683284,1753273683284,AUDUSD,bid,0.65936,10000.0,0.000,14
1753273683284,1753273683284,1753273683284,AUDUSD,bid,0.65939,1000.0,0.000,14
1753273683284,1753273683284,1753273683284,AUDUSD,bid,0.65937,5000.0,0.000,14
1753273683284,1753273683284,1753273683284,AUDUSD,ask,0.65956,200000.0,0.000,14
1753273683284,1753273683284,1753273683284,AUDUSD,ask,0.65945,30000.0,0.000,14
1753273683284,1753273683284,1753273683284,AUDUSD,ask,0.65950,100000.0,0.000,14
1753273683284,1753273683284,1753273683284,AUDUSD,ask,0.65946,50000.0,0.000,14
1753273683284,1753273683284,1753273683284,AUDUSD,bid,0.65925,200000.0,0.000,14
1753273683284,1753273683284,1753273683284,AUDUSD,bid,0.65934,50000.0,0.000,14
1753273683284,1753273683284,1753273683284,AUDUSD,bid,0.65932,100000.0,0.000,14
1753273683284,1753273683284,1753273683284,AUDUSD,bid,0.65935,30000.0,0.000,14
1753273683482,1753273683482,1753273683482,AUDUSD,ask,0.65956,200000.0,0.000,14
1753273683482,1753273683482,1753273683482,AUDUSD,ask,0.65945,30000.0,0.000,14
1753273683482,1753273683482,1753273683482,AUDUSD,ask,0.65950,100000.0,0.000,14
1753273683482,1753273683482,1753273683482,AUDUSD,ask,0.65940,1000.0,0.000,14
1753273683482,1753273683482,1753273683482,AUDUSD,ask,0.65947,50000.0,0.000,14
1753273683482,1753273683482,1753273683482,AUDUSD,ask,0.65943,10000.0,0.000,14
1753273683482,1753273683482,1753273683482,AUDUSD,ask,0.65942,5000.0,0.000,14
1753273683482,1753273683482,1753273683482,AUDUSD,bid,0.65935,50000.0,0.000,14
1753273683482,1753273683482,1753273683482,AUDUSD,bid,0.65936,30000.0,0.000,14
1753273683482,1753273683482,1753273683482,AUDUSD,bid,0.65933,100000.0,0.000,14
1753273683482,1753273683482,1753273683482,AUDUSD,bid,0.65937,10000.0,0.000,14
1753273683482,1753273683482,1753273683482,AUDUSD,bid,0.65938,5000.0,0.000,14
1753273683482,1753273683482,1753273683482,AUDUSD,bid,0.65926,200000.0,0.000,14
1753273683482,1753273683482,1753273683482,AUDUSD,bid,0.65940,1000.0,0.000,14
1753273683882,1753273683882,1753273683882,AUDUSD,ask,0.65945,30000.0,0.000,14
1753273683882,1753273683882,1753273683882,AUDUSD,ask,0.65950,100000.0,0.000,14
1753273683882,1753273683882,1753273683882,AUDUSD,ask,0.65940,1000.0,0.000,14
1753273683882,1753273683882,1753273683882,AUDUSD,ask,0.65943,10000.0,0.000,14
1753273683882,1753273683882,1753273683882,AUDUSD,ask,0.65942,5000.0,0.000,14
1753273683882,1753273683882,1753273683882,AUDUSD,bid,0.65935,50000.0,0.000,14
1753273683882,1753273683882,1753273683882,AUDUSD,bid,0.65936,30000.0,0.000,14
1753273683882,1753273683882,1753273683882,AUDUSD,bid,0.65933,100000.0,0.000,14
1753273683882,1753273683882,1753273683882,AUDUSD,bid,0.65937,10000.0,0.000,14
1753273683882,1753273683882,1753273683882,AUDUSD,bid,0.65938,5000.0,0.000,14
1753273683882,1753273683882,1753273683882,AUDUSD,bid,0.65926,200000.0,0.000,14
1753273683882,1753273683882,1753273683882,AUDUSD,bid,0.65940,1000.0,0.000,14
1753273683882,1753273683882,1753273683882,AUDUSD,ask,0.65946,50000.0,0.000,14
1753273683882,1753273683882,1753273683882,AUDUSD,ask,0.65955,200000.0,0.000,14
1753273684063,1753273684063,1753273684063,AUDUSD,ask,0.65945,30000.0,0.000,14
1753273684063,1753273684063,1753273684063,AUDUSD,ask,0.65950,100000.0,0.000,14
1753273684063,1753273684063,1753273684063,AUDUSD,ask,0.65940,1000.0,0.000,14
1753273684063,1753273684063,1753273684063,AUDUSD,ask,0.65943,10000.0,0.000,14
1753273684063,1753273684063,1753273684063,AUDUSD,ask,0.65942,5000.0,0.000,14
1753273684063,1753273684063,1753273684063,AUDUSD,bid,0.65935,50000.0,0.000,14
1753273684063,1753273684063,1753273684063,AUDUSD,bid,0.65936,30000.0,0.000,14
1753273684063,1753273684063,1753273684063,AUDUSD,bid,0.65933,100000.0,0.000,14
1753273684063,1753273684063,1753273684063,AUDUSD,bid,0.65937,10000.0,0.000,14
1753273684063,1753273684063,1753273684063,AUDUSD,bid,0.65938,5000.0,0.000,14
1753273684063,1753273684063,1753273684063,AUDUSD,bid,0.65926,200000.0,0.000,14
1753273684063,1753273684063,1753273684063,AUDUSD,bid,0.65940,1000.0,0.000,14
1753273684063,1753273684063,1753273684063,AUDUSD,ask,0.65946,50000.0,0.000,14
1753273684063,1753273684063,1753273684063,AUDUSD,ask,0.65956,200000.0,0.000,14
1753273685329,1753273685329,1753273685329,AUDUSD,bid,0.65933,100000.0,0.000,14
1753273685329,1753273685329,1753273685329,AUDUSD,ask,0.65951,100000.0,0.000,14
1753273685329,1753273685329,1753273685329,AUDUSD,ask,0.65946,30000.0,0.000,14
1753273685329,1753273685329,1753273685329,AUDUSD,ask,0.65944,10000.0,0.000,14
1753273685329,1753273685329,1753273685329,AUDUSD,ask,0.65941,1000.0,0.000,14
1753273685329,1753273685329,1753273685329,AUDUSD,ask,0.65947,50000.0,0.000,14
1753273685329,1753273685329,1753273685329,AUDUSD,ask,0.65957,200000.0,0.000,14
1753273685329,1753273685329,1753273685329,AUDUSD,ask,0.65943,5000.0,0.000,14
1753273685329,1753273685329,1753273685329,AUDUSD,bid,0.65938,10000.0,0.000,14
1753273685329,1753273685329,1753273685329,AUDUSD,bid,0.65937,30000.0,0.000,14
1753273685329,1753273685329,1753273685329,AUDUSD,bid,0.65927,200000.0,0.000,14
1753273685329,1753273685329,1753273685329,AUDUSD,bid,0.65936,50000.0,0.000,14
1753273685329,1753273685329,1753273685329,AUDUSD,bid,0.65939,5000.0,0.000,14
1753273685329,1753273685329,1753273685329,AUDUSD,bid,0.65941,1000.0,0.000,14
1753273685516,1753273685516,1753273685516,AUDUSD,bid,0.65933,100000.0,0.000,14
1753273685516,1753273685516,1753273685516,AUDUSD,bid,0.65927,200000.0,0.000,14
1753273685516,1753273685516,1753273685516,AUDUSD,ask,0.65942,5000.0,0.000,14
1753273685516,1753273685516,1753273685516,AUDUSD,ask,0.65945,30000.0,0.000,14
1753273685516,1753273685516,1753273685516,AUDUSD,ask,0.65946,50000.0,0.000,14
1753273685516,1753273685516,1753273685516,AUDUSD,ask,0.65950,100000.0,0.000,14
1753273685516,1753273685516,1753273685516,AUDUSD,ask,0.65940,1000.0,0.000,14
1753273685516,1753273685516,1753273685516,AUDUSD,ask,0.65955,200000.0,0.000,14
1753273685516,1753273685516,1753273685516,AUDUSD,ask,0.65943,10000.0,0.000,14
1753273685516,1753273685516,1753273685516,AUDUSD,bid,0.65937,10000.0,0.000,14
1753273685516,1753273685516,1753273685516,AUDUSD,bid,0.65935,50000.0,0.000,14
1753273685516,1753273685516,1753273685516,AUDUSD,bid,0.65938,5000.0,0.000,14
1753273685516,1753273685516,1753273685516,AUDUSD,bid,0.65936,30000.0,0.000,14
1753273685516,1753273685516,1753273685516,AUDUSD,bid,0.65940,1000.0,0.000,14
1753273686684,1753273686684,1753273686684,AUDUSD,bid,0.65933,100000.0,0.000,14
1753273686684,1753273686684,1753273686684,AUDUSD,bid,0.65927,200000.0,0.000,14
1753273686684,1753273686684,1753273686684,AUDUSD,ask,0.65942,5000.0,0.000,14
1753273686684,1753273686684,1753273686684,AUDUSD,ask,0.65945,30000.0,0.000,14
1753273686684,1753273686684,1753273686684,AUDUSD,ask,0.65946,50000.0,0.000,14
1753273686684,1753273686684,1753273686684,AUDUSD,ask,0.65950,100000.0,0.000,14
1753273686684,1753273686684,1753273686684,AUDUSD,ask,0.65940,1000.0,0.000,14
1753273686684,1753273686684,1753273686684,AUDUSD,ask,0.65943,10000.0,0.000,14
1753273686684,1753273686684,1753273686684,AUDUSD,bid,0.65937,10000.0,0.000,14
1753273686684,1753273686684,1753273686684,AUDUSD,bid,0.65935,50000.0,0.000,14
1753273686684,1753273686684,1753273686684,AUDUSD,bid,0.65938,5000.0,0.000,14
1753273686684,1753273686684,1753273686684,AUDUSD,bid,0.65936,30000.0,0.000,14
1753273686684,1753273686684,1753273686684,AUDUSD,bid,0.65940,1000.0,0.000,14
1753273686684,1753273686684,1753273686684,AUDUSD,ask,0.65956,200000.0,0.000,14
1753273687486,1753273687486,1753273687486,AUDUSD,bid,0.65927,200000.0,0.000,13
1753273687486,1753273687486,1753273687486,AUDUSD,ask,0.65942,5000.0,0.000,13
1753273687486,1753273687486,1753273687486,AUDUSD,ask,0.65945,30000.0,0.000,13
1753273687486,1753273687486,1753273687486,AUDUSD,ask,0.65946,50000.0,0.000,13
1753273687486,1753273687486,1753273687486,AUDUSD,ask,0.65950,100000.0,0.000,13
1753273687486,1753273687486,1753273687486,AUDUSD,ask,0.65940,1000.0,0.000,13
1753273687486,1753273687486,1753273687486,AUDUSD,ask,0.65943,10000.0,0.000,13
1753273687486,1753273687486,1753273687486,AUDUSD,bid,0.65937,10000.0,0.000,13
1753273687486,1753273687486,1753273687486,AUDUSD,bid,0.65938,5000.0,0.000,13
1753273687486,1753273687486,1753273687486,AUDUSD,bid,0.65940,1000.0,0.000,13
1753273687486,1753273687486,1753273687486,AUDUSD,ask,0.65956,200000.0,0.000,13
1753273687486,1753273687486,1753273687486,AUDUSD,bid,0.65936,80000.0,0.000,13
1753273687486,1753273687486,1753273687486,AUDUSD,bid,0.65934,100000.0,0.000,13
1753273689896,1753273689896,1753273689896,AUDUSD,bid,0.65927,200000.0,0.000,13
1753273689896,1753273689896,1753273689896,AUDUSD,ask,0.65942,5000.0,0.000,13
1753273689896,1753273689896,1753273689896,AUDUSD,ask,0.65945,30000.0,0.000,13
1753273689896,1753273689896,1753273689896,AUDUSD,ask,0.65946,50000.0,0.000,13
1753273689896,1753273689896,1753273689896,AUDUSD,ask,0.65950,100000.0,0.000,13
1753273689896,1753273689896,1753273689896,AUDUSD,ask,0.65940,1000.0,0.000,13
1753273689896,1753273689896,1753273689896,AUDUSD,ask,0.65943,10000.0,0.000,13
1753273689896,1753273689896,1753273689896,AUDUSD,bid,0.65937,10000.0,0.000,13
1753273689896,1753273689896,1753273689896,AUDUSD,bid,0.65938,5000.0,0.000,13
1753273689896,1753273689896,1753273689896,AUDUSD,bid,0.65940,1000.0,0.000,13
1753273689896,1753273689896,1753273689896,AUDUSD,bid,0.65936,80000.0,0.000,13
1753273689896,1753273689896,1753273689896,AUDUSD,bid,0.65934,100000.0,0.000,13
1753273689896,1753273689896,1753273689896,AUDUSD,ask,0.65955,200000.0,0.000,13
1753273690490,1753273690490,1753273690490,AUDUSD,bid,0.65927,200000.0,0.000,13
1753273690490,1753273690490,1753273690490,AUDUSD,ask,0.65942,5000.0,0.000,13
1753273690490,1753273690490,1753273690490,AUDUSD,ask,0.65945,30000.0,0.000,13
1753273690490,1753273690490,1753273690490,AUDUSD,ask,0.65946,50000.0,0.000,13
1753273690490,1753273690490,1753273690490,AUDUSD,ask,0.65950,100000.0,0.000,13
1753273690490,1753273690490,1753273690490,AUDUSD,ask,0.65940,1000.0,0.000,13
1753273690490,1753273690490,1753273690490,AUDUSD,ask,0.65943,10000.0,0.000,13
1753273690490,1753273690490,1753273690490,AUDUSD,bid,0.65937,10000.0,0.000,13
1753273690490,1753273690490,1753273690490,AUDUSD,bid,0.65938,5000.0,0.000,13
1753273690490,1753273690490,1753273690490,AUDUSD,bid,0.65940,1000.0,0.000,13
1753273690490,1753273690490,1753273690490,AUDUSD,bid,0.65936,80000.0,0.000,13
1753273690490,1753273690490,1753273690490,AUDUSD,bid,0.65934,100000.0,0.000,13
1753273690490,1753273690490,1753273690490,AUDUSD,ask,0.65956,200000.0,0.000,13
1753273691487,1753273691487,1753273691487,AUDUSD,ask,0.65942,5000.0,0.000,14
1753273691487,1753273691487,1753273691487,AUDUSD,ask,0.65945,30000.0,0.000,14
1753273691487,1753273691487,1753273691487,AUDUSD,ask,0.65946,50000.0,0.000,14
1753273691487,1753273691487,1753273691487,AUDUSD,ask,0.65940,1000.0,0.000,14
1753273691487,1753273691487,1753273691487,AUDUSD,ask,0.65943,10000.0,0.000,14
1753273691487,1753273691487,1753273691487,AUDUSD,bid,0.65937,10000.0,0.000,14
1753273691487,1753273691487,1753273691487,AUDUSD,bid,0.65938,5000.0,0.000,14
1753273691487,1753273691487,1753273691487,AUDUSD,bid,0.65940,1000.0,0.000,14
1753273691487,1753273691487,1753273691487,AUDUSD,ask,0.65955,200000.0,0.000,14
1753273691487,1753273691487,1753273691487,AUDUSD,ask,0.65949,100000.0,0.000,14
1753273691487,1753273691487,1753273691487,AUDUSD,bid,0.65931,100000.0,0.000,14
1753273691487,1753273691487,1753273691487,AUDUSD,bid,0.65925,200000.0,0.000,14
1753273691487,1753273691487,1753273691487,AUDUSD,bid,0.65934,50000.0,0.000,14
1753273691487,1753273691487,1753273691487,AUDUSD,bid,0.65935,30000.0,0.000,14
1753273691683,1753273691683,1753273691683,AUDUSD,ask,0.65942,5000.0,0.000,14
1753273691683,1753273691683,1753273691683,AUDUSD,ask,0.65945,30000.0,0.000,14
1753273691683,1753273691683,1753273691683,AUDUSD,ask,0.65946,50000.0,0.000,14
1753273691683,1753273691683,1753273691683,AUDUSD,ask,0.65940,1000.0,0.000,14
1753273691683,1753273691683,1753273691683,AUDUSD,ask,0.65943,10000.0,0.000,14
1753273691683,1753273691683,1753273691683,AUDUSD,bid,0.65937,10000.0,0.000,14
1753273691683,1753273691683,1753273691683,AUDUSD,bid,0.65938,5000.0,0.000,14
1753273691683,1753273691683,1753273691683,AUDUSD,bid,0.65940,1000.0,0.000,14
1753273691683,1753273691683,1753273691683,AUDUSD,ask,0.65955,200000.0,0.000,14
1753273691683,1753273691683,1753273691683,AUDUSD,ask,0.65949,100000.0,0.000,14
1753273691683,1753273691683,1753273691683,AUDUSD,bid,0.65935,30000.0,0.000,14
1753273691683,1753273691683,1753273691683,AUDUSD,bid,0.65930,100000.0,0.000,14
1753273691683,1753273691683,1753273691683,AUDUSD,bid,0.65924,200000.0,0.000,14
1753273691683,1753273691683,1753273691683,AUDUSD,bid,0.65933,50000.0,0.000,14
1753273693284,1753273693284,1753273693284,AUDUSD,ask,0.65942,5000.0,0.000,14
1753273693284,1753273693284,1753273693284,AUDUSD,ask,0.65940,1000.0,0.000,14
1753273693284,1753273693284,1753273693284,AUDUSD,ask,0.65943,10000.0,0.000,14
1753273693284,1753273693284,1753273693284,AUDUSD,bid,0.65937,10000.0,0.000,14
1753273693284,1753273693284,1753273693284,AUDUSD,bid,0.65938,5000.0,0.000,14
1753273693284,1753273693284,1753273693284,AUDUSD,bid,0.65940,1000.0,0.000,14
1753273693284,1753273693284,1753273693284,AUDUSD,ask,0.65955,200000.0,0.000,14
1753273693284,1753273693284,1753273693284,AUDUSD,ask,0.65949,100000.0,0.000,14
1753273693284,1753273693284,1753273693284,AUDUSD,bid,0.65930,100000.0,0.000,14
1753273693284,1753273693284,1753273693284,AUDUSD,bid,0.65933,50000.0,0.000,14
1753273693284,1753273693284,1753273693284,AUDUSD,ask,0.65945,50000.0,0.000,14
1753273693284,1753273693284,1753273693284,AUDUSD,ask,0.65944,30000.0,0.000,14
1753273693284,1753273693284,1753273693284,AUDUSD,bid,0.65923,200000.0,0.000,14
1753273693284,1753273693284,1753273693284,AUDUSD,bid,0.65934,30000.0,0.000,14
1753273693484,1753273693484,1753273693485,AUDUSD,ask,0.65942,5000.0,1.000,14
1753273693484,1753273693484,1753273693485,AUDUSD,ask,0.65940,1000.0,1.000,14
1753273693484,1753273693484,1753273693485,AUDUSD,ask,0.65943,10000.0,1.000,14
1753273693484,1753273693484,1753273693485,AUDUSD,bid,0.65938,5000.0,1.000,14
1753273693484,1753273693484,1753273693485,AUDUSD,bid,0.65940,1000.0,1.000,14
1753273693484,1753273693484,1753273693485,AUDUSD,ask,0.65949,100000.0,1.000,14
1753273693484,1753273693484,1753273693485,AUDUSD,ask,0.65945,50000.0,1.000,14
1753273693484,1753273693484,1753273693485,AUDUSD,ask,0.65944,30000.0,1.000,14
1753273693484,1753273693484,1753273693485,AUDUSD,bid,0.65934,30000.0,1.000,14
1753273693484,1753273693484,1753273693485,AUDUSD,ask,0.65954,200000.0,1.000,14
1753273693484,1753273693484,1753273693485,AUDUSD,bid,0.65932,50000.0,1.000,14
1753273693484,1753273693484,1753273693485,AUDUSD,bid,0.65922,200000.0,1.000,14
1753273693484,1753273693484,1753273693485,AUDUSD,bid,0.65936,10000.0,1.000,14
1753273693484,1753273693484,1753273693485,AUDUSD,bid,0.65929,100000.0,1.000,14
1753273695481,1753273695481,1753273695481,AUDUSD,ask,0.65942,5000.0,0.000,14
1753273695481,1753273695481,1753273695481,AUDUSD,ask,0.65940,1000.0,0.000,14
1753273695481,1753273695481,1753273695481,AUDUSD,ask,0.65943,10000.0,0.000,14
1753273695481,1753273695481,1753273695481,AUDUSD,bid,0.65938,5000.0,0.000,14
1753273695481,1753273695481,1753273695481,AUDUSD,bid,0.65940,1000.0,0.000,14
1753273695481,1753273695481,1753273695481,AUDUSD,ask,0.65949,100000.0,0.000,14
1753273695481,1753273695481,1753273695481,AUDUSD,ask,0.65945,30000.0,0.000,14
1753273695481,1753273695481,1753273695481,AUDUSD,ask,0.65955,200000.0,0.000,14
1753273695481,1753273695481,1753273695481,AUDUSD,ask,0.65946,50000.0,0.000,14
1753273695481,1753273695481,1753273695481,AUDUSD,bid,0.65932,100000.0,0.000,14
1753273695481,1753273695481,1753273695481,AUDUSD,bid,0.65926,200000.0,0.000,14
1753273695481,1753273695481,1753273695481,AUDUSD,bid,0.65937,10000.0,0.000,14
1753273695481,1753273695481,1753273695481,AUDUSD,bid,0.65935,30000.0,0.000,14
1753273695481,1753273695481,1753273695481,AUDUSD,bid,0.65934,50000.0,0.000,14
1753273695886,1753273695886,1753273695886,AUDUSD,ask,0.65942,5000.0,0.000,14
1753273695886,1753273695886,1753273695886,AUDUSD,ask,0.65940,1000.0,0.000,14
1753273695886,1753273695886,1753273695886,AUDUSD,ask,0.65943,10000.0,0.000,14
1753273695886,1753273695886,1753273695886,AUDUSD,bid,0.65938,5000.0,0.000,14
1753273695886,1753273695886,1753273695886,AUDUSD,bid,0.65940,1000.0,0.000,14
1753273695886,1753273695886,1753273695886,AUDUSD,ask,0.65949,100000.0,0.000,14
1753273695886,1753273695886,1753273695886,AUDUSD,ask,0.65945,30000.0,0.000,14
1753273695886,1753273695886,1753273695886,AUDUSD,ask,0.65955,200000.0,0.000,14
1753273695886,1753273695886,1753273695886,AUDUSD,ask,0.65946,50000.0,0.000,14
1753273695886,1753273695886,1753273695886,AUDUSD,bid,0.65926,200000.0,0.000,14
1753273695886,1753273695886,1753273695886,AUDUSD,bid,0.65937,10000.0,0.000,14
1753273695886,1753273695886,1753273695886,AUDUSD,bid,0.65936,30000.0,0.000,14
1753273695886,1753273695886,1753273695886,AUDUSD,bid,0.65935,50000.0,0.000,14
1753273695886,1753273695886,1753273695886,AUDUSD,bid,0.65933,100000.0,0.000,14
1753273696281,1753273696281,1753273696281,AUDUSD,ask,0.65942,5000.0,0.000,14
1753273696281,1753273696281,1753273696281,AUDUSD,ask,0.65940,1000.0,0.000,14
1753273696281,1753273696281,1753273696281,AUDUSD,ask,0.65943,10000.0,0.000,14
1753273696281,1753273696281,1753273696281,AUDUSD,bid,0.65938,5000.0,0.000,14
1753273696281,1753273696281,1753273696281,AUDUSD,bid,0.65940,1000.0,0.000,14
1753273696281,1753273696281,1753273696281,AUDUSD,ask,0.65949,100000.0,0.000,14
1753273696281,1753273696281,1753273696281,AUDUSD,ask,0.65945,30000.0,0.000,14
1753273696281,1753273696281,1753273696281,AUDUSD,ask,0.65955,200000.0,0.000,14
1753273696281,1753273696281,1753273696281,AUDUSD,ask,0.65946,50000.0,0.000,14
1753273696281,1753273696281,1753273696281,AUDUSD,bid,0.65937,10000.0,0.000,14
1753273696281,1753273696281,1753273696281,AUDUSD,bid,0.65936,30000.0,0.000,14
1753273696281,1753273696281,1753273696281,AUDUSD,bid,0.65935,50000.0,0.000,14
1753273696281,1753273696281,1753273696281,AUDUSD,bid,0.65933,100000.0,0.000,14
1753273696281,1753273696281,1753273696281,AUDUSD,bid,0.65927,200000.0,0.000,14
1753273696922,1753273696922,1753273696922,AUDUSD,ask,0.65945,50000.0,0.000,14
1753273696922,1753273696922,1753273696922,AUDUSD,ask,0.65941,5000.0,0.000,14
1753273696922,1753273696922,1753273696922,AUDUSD,ask,0.65939,1000.0,0.000,14
1753273696922,1753273696922,1753273696922,AUDUSD,ask,0.65948,100000.0,0.000,14
1753273696922,1753273696922,1753273696922,AUDUSD,ask,0.65944,30000.0,0.000,14
1753273696922,1753273696922,1753273696922,AUDUSD,ask,0.65954,200000.0,0.000,14
1753273696922,1753273696922,1753273696922,AUDUSD,ask,0.65942,10000.0,0.000,14
1753273696922,1753273696922,1753273696922,AUDUSD,bid,0.65935,30000.0,0.000,14
1753273696922,1753273696922,1753273696922,AUDUSD,bid,0.65932,100000.0,0.000,14
1753273696922,1753273696922,1753273696922,AUDUSD,bid,0.65939,1000.0,0.000,14
1753273696922,1753273696922,1753273696922,AUDUSD,bid,0.65936,10000.0,0.000,14
1753273696922,1753273696922,1753273696922,AUDUSD,bid,0.65934,50000.0,0.000,14
1753273696922,1753273696922,1753273696922,AUDUSD,bid,0.65925,200000.0,0.000,14
1753273696922,1753273696922,1753273696922,AUDUSD,bid,0.65937,5000.0,0.000,14
1753273697299,1753273697299,1753273697299,AUDUSD,ask,0.65941,5000.0,0.000,14
1753273697299,1753273697299,1753273697299,AUDUSD,ask,0.65939,1000.0,0.000,14
1753273697299,1753273697299,1753273697299,AUDUSD,ask,0.65948,100000.0,0.000,14
1753273697299,1753273697299,1753273697299,AUDUSD,ask,0.65942,10000.0,0.000,14
1753273697299,1753273697299,1753273697299,AUDUSD,bid,0.65935,30000.0,0.000,14
1753273697299,1753273697299,1753273697299,AUDUSD,bid,0.65932,100000.0,0.000,14
1753273697299,1753273697299,1753273697299,AUDUSD,bid,0.65939,1000.0,0.000,14
1753273697299,1753273697299,1753273697299,AUDUSD,bid,0.65936,10000.0,0.000,14
1753273697299,1753273697299,1753273697299,AUDUSD,bid,0.65934,50000.0,0.000,14
1753273697299,1753273697299,1753273697299,AUDUSD,bid,0.65925,200000.0,0.000,14
1753273697299,1753273697299,1753273697299,AUDUSD,bid,0.65937,5000.0,0.000,14
1753273697299,1753273697299,1753273697299,AUDUSD,ask,0.65944,50000.0,0.000,14
1753273697299,1753273697299,1753273697299,AUDUSD,ask,0.65953,200000.0,0.000,14
1753273697299,1753273697299,1753273697299,AUDUSD,ask,0.65943,30000.0,0.000,14
1753273697882,1753273697882,1753273697882,AUDUSD,ask,0.65941,5000.0,0.000,14
1753273697882,1753273697882,1753273697882,AUDUSD,ask,0.65939,1000.0,0.000,14
1753273697882,1753273697882,1753273697882,AUDUSD,ask,0.65942,10000.0,0.000,14
1753273697882,1753273697882,1753273697882,AUDUSD,bid,0.65935,30000.0,0.000,14
1753273697882,1753273697882,1753273697882,AUDUSD,bid,0.65932,100000.0,0.000,14
1753273697882,1753273697882,1753273697882,AUDUSD,bid,0.65939,1000.0,0.000,14
1753273697882,1753273697882,1753273697882,AUDUSD,bid,0.65936,10000.0,0.000,14
1753273697882,1753273697882,1753273697882,AUDUSD,bid,0.65934,50000.0,0.000,14
1753273697882,1753273697882,1753273697882,AUDUSD,bid,0.65925,200000.0,0.000,14
1753273697882,1753273697882,1753273697882,AUDUSD,bid,0.65937,5000.0,0.000,14
1753273697882,1753273697882,1753273697882,AUDUSD,ask,0.65944,50000.0,0.000,14
1753273697882,1753273697882,1753273697882,AUDUSD,ask,0.65953,200000.0,0.000,14
1753273697882,1753273697882,1753273697882,AUDUSD,ask,0.65943,30000.0,0.000,14
1753273697882,1753273697882,1753273697882,AUDUSD,ask,0.65947,100000.0,0.000,14
1753273698320,1753273698320,1753273698320,AUDUSD,ask,0.65941,5000.0,0.000,14
1753273698320,1753273698320,1753273698320,AUDUSD,ask,0.65939,1000.0,0.000,14
1753273698320,1753273698320,1753273698320,AUDUSD,ask,0.65942,10000.0,0.000,14
1753273698320,1753273698320,1753273698320,AUDUSD,bid,0.65935,30000.0,0.000,14
1753273698320,1753273698320,1753273698320,AUDUSD,bid,0.65932,100000.0,0.000,14
1753273698320,1753273698320,1753273698320,AUDUSD,bid,0.65939,1000.0,0.000,14
1753273698320,1753273698320,1753273698320,AUDUSD,bid,0.65936,10000.0,0.000,14
1753273698320,1753273698320,1753273698320,AUDUSD,bid,0.65934,50000.0,0.000,14
1753273698320,1753273698320,1753273698320,AUDUSD,bid,0.65937,5000.0,0.000,14
1753273698320,1753273698320,1753273698320,AUDUSD,ask,0.65944,50000.0,0.000,14
1753273698320,1753273698320,1753273698320,AUDUSD,ask,0.65953,200000.0,0.000,14
1753273698320,1753273698320,1753273698320,AUDUSD,ask,0.65943,30000.0,0.000,14
1753273698320,1753273698320,1753273698320,AUDUSD,ask,0.65947,100000.0,0.000,14
1753273698320,1753273698320,1753273698320,AUDUSD,bid,0.65926,200000.0,0.000,14
1753273698884,1753273698884,1753273698884,AUDUSD,bid,0.65926,200000.0,0.000,14
1753273698884,1753273698884,1753273698884,AUDUSD,ask,0.65942,5000.0,0.000,14
1753273698884,1753273698884,1753273698884,AUDUSD,ask,0.65940,1000.0,0.000,14
1753273698884,1753273698884,1753273698884,AUDUSD,ask,0.65955,200000.0,0.000,14
1753273698884,1753273698884,1753273698884,AUDUSD,ask,0.65943,10000.0,0.000,14
1753273698884,1753273698884,1753273698884,AUDUSD,ask,0.65945,30000.0,0.000,14
1753273698884,1753273698884,1753273698884,AUDUSD,ask,0.65949,100000.0,0.000,14
1753273698884,1753273698884,1753273698884,AUDUSD,ask,0.65946,50000.0,0.000,14
1753273698884,1753273698884,1753273698884,AUDUSD,bid,0.65940,1000.0,0.000,14
1753273698884,1753273698884,1753273698884,AUDUSD,bid,0.65936,30000.0,0.000,14
1753273698884,1753273698884,1753273698884,AUDUSD,bid,0.65938,5000.0,0.000,14
1753273698884,1753273698884,1753273698884,AUDUSD,bid,0.65935,50000.0,0.000,14
1753273698884,1753273698884,1753273698884,AUDUSD,bid,0.65937,10000.0,0.000,14
1753273698884,1753273698884,1753273698884,AUDUSD,bid,0.65933,100000.0,0.000,14
1753273699287,1753273699287,1753273699287,AUDUSD,bid,0.65926,200000.0,0.000,14
1753273699287,1753273699287,1753273699287,AUDUSD,ask,0.65942,5000.0,0.000,14
1753273699287,1753273699287,1753273699287,AUDUSD,ask,0.65940,1000.0,0.000,14
1753273699287,1753273699287,1753273699287,AUDUSD,ask,0.65943,10000.0,0.000,14
1753273699287,1753273699287,1753273699287,AUDUSD,bid,0.65940,1000.0,0.000,14
1753273699287,1753273699287,1753273699287,AUDUSD,bid,0.65936,30000.0,0.000,14
1753273699287,1753273699287,1753273699287,AUDUSD,bid,0.65938,5000.0,0.000,14
1753273699287,1753273699287,1753273699287,AUDUSD,bid,0.65935,50000.0,0.000,14
1753273699287,1753273699287,1753273699287,AUDUSD,bid,0.65937,10000.0,0.000,14
1753273699287,1753273699287,1753273699287,AUDUSD,bid,0.65933,100000.0,0.000,14
1753273699287,1753273699287,1753273699287,AUDUSD,ask,0.65954,200000.0,0.000,14
1753273699287,1753273699287,1753273699287,AUDUSD,ask,0.65945,50000.0,0.000,14
1753273699287,1753273699287,1753273699287,AUDUSD,ask,0.65948,100000.0,0.000,14
1753273699287,1753273699287,1753273699287,AUDUSD,ask,0.65944,30000.0,0.000,14
1753273699480,1753273699480,1753273699480,AUDUSD,bid,0.65926,200000.0,0.000,14
1753273699480,1753273699480,1753273699480,AUDUSD,ask,0.65942,5000.0,0.000,14
1753273699480,1753273699480,1753273699480,AUDUSD,ask,0.65940,1000.0,0.000,14
1753273699480,1753273699480,1753273699480,AUDUSD,ask,0.65943,10000.0,0.000,14
1753273699480,1753273699480,1753273699480,AUDUSD,bid,0.65940,1000.0,0.000,14
1753273699480,1753273699480,1753273699480,AUDUSD,bid,0.65936,30000.0,0.000,14
1753273699480,1753273699480,1753273699480,AUDUSD,bid,0.65938,5000.0,0.000,14
1753273699480,1753273699480,1753273699480,AUDUSD,bid,0.65935,50000.0,0.000,14
1753273699480,1753273699480,1753273699480,AUDUSD,bid,0.65937,10000.0,0.000,14
1753273699480,1753273699480,1753273699480,AUDUSD,ask,0.65949,100000.0,0.000,14
1753273699480,1753273699480,1753273699480,AUDUSD,ask,0.65945,30000.0,0.000,14
1753273699480,1753273699480,1753273699480,AUDUSD,ask,0.65955,200000.0,0.000,14
1753273699480,1753273699480,1753273699480,AUDUSD,ask,0.65946,50000.0,0.000,14
1753273699480,1753273699480,1753273699480,AUDUSD,bid,0.65932,100000.0,0.000,14
1753273700693,1753273700693,1753273700693,AUDUSD,bid,0.65926,200000.0,0.000,14
1753273700693,1753273700693,1753273700693,AUDUSD,ask,0.65942,5000.0,0.000,14
1753273700693,1753273700693,1753273700693,AUDUSD,ask,0.65940,1000.0,0.000,14
1753273700693,1753273700693,1753273700693,AUDUSD,ask,0.65943,10000.0,0.000,14
1753273700693,1753273700693,1753273700693,AUDUSD,bid,0.65940,1000.0,0.000,14
1753273700693,1753273700693,1753273700693,AUDUSD,bid,0.65936,30000.0,0.000,14
1753273700693,1753273700693,1753273700693,AUDUSD,bid,0.65938,5000.0,0.000,14
1753273700693,1753273700693,1753273700693,AUDUSD,bid,0.65935,50000.0,0.000,14
1753273700693,1753273700693,1753273700693,AUDUSD,bid,0.65937,10000.0,0.000,14
1753273700693,1753273700693,1753273700693,AUDUSD,ask,0.65945,30000.0,0.000,14
1753273700693,1753273700693,1753273700693,AUDUSD,ask,0.65955,200000.0,0.000,14
1753273700693,1753273700693,1753273700693,AUDUSD,ask,0.65946,50000.0,0.000,14
1753273700693,1753273700693,1753273700693,AUDUSD,bid,0.65932,100000.0,0.000,14
1753273700693,1753273700693,1753273700693,AUDUSD,ask,0.65950,100000.0,0.000,14
1753273701890,1753273701890,1753273701890,AUDUSD,ask,0.65941,1000.0,0.000,14
1753273701890,1753273701890,1753273701890,AUDUSD,ask,0.65947,50000.0,0.000,14
1753273701890,1753273701890,1753273701890,AUDUSD,ask,0.65951,100000.0,0.000,14
1753273701890,1753273701890,1753273701890,AUDUSD,ask,0.65946,30000.0,0.000,14
1753273701890,1753273701890,1753273701890,AUDUSD,ask,0.65956,200000.0,0.000,14
1753273701890,1753273701890,1753273701890,AUDUSD,ask,0.65943,5000.0,0.000,14
1753273701890,1753273701890,1753273701890,AUDUSD,ask,0.65944,10000.0,0.000,14
1753273701890,1753273701890,1753273701890,AUDUSD,bid,0.65937,30000.0,0.000,14
1753273701890,1753273701890,1753273701890,AUDUSD,bid,0.65936,50000.0,0.000,14
1753273701890,1753273701890,1753273701890,AUDUSD,bid,0.65927,200000.0,0.000,14
1753273701890,1753273701890,1753273701890,AUDUSD,bid,0.65938,10000.0,0.000,14
1753273701890,1753273701890,1753273701890,AUDUSD,bid,0.65941,1000.0,0.000,14
1753273701890,1753273701890,1753273701890,AUDUSD,bid,0.65939,5000.0,0.000,14
1753273701890,1753273701890,1753273701890,AUDUSD,bid,0.65933,100000.0,0.000,14
1753273702887,1753273702887,1753273702887,AUDUSD,ask,0.65941,1000.0,0.000,14
1753273702887,1753273702887,1753273702887,AUDUSD,ask,0.65947,50000.0,0.000,14
1753273702887,1753273702887,1753273702887,AUDUSD,ask,0.65951,100000.0,0.000,14
1753273702887,1753273702887,1753273702887,AUDUSD,ask,0.65946,30000.0,0.000,14
1753273702887,1753273702887,1753273702887,AUDUSD,ask,0.65956,200000.0,0.000,14
1753273702887,1753273702887,1753273702887,AUDUSD,ask,0.65943,5000.0,0.000,14
1753273702887,1753273702887,1753273702887,AUDUSD,ask,0.65944,10000.0,0.000,14
1753273702887,1753273702887,1753273702887,AUDUSD,bid,0.65937,30000.0,0.000,14
1753273702887,1753273702887,1753273702887,AUDUSD,bid,0.65936,50000.0,0.000,14
1753273702887,1753273702887,1753273702887,AUDUSD,bid,0.65927,200000.0,0.000,14
1753273702887,1753273702887,1753273702887,AUDUSD,bid,0.65938,10000.0,0.000,14
1753273702887,1753273702887,1753273702887,AUDUSD,bid,0.65941,1000.0,0.000,14
1753273702887,1753273702887,1753273702887,AUDUSD,bid,0.65939,5000.0,0.000,14
1753273702887,1753273702887,1753273702887,AUDUSD,bid,0.65934,100000.0,0.000,14
1753273704289,1753273704289,1753273704289,AUDUSD,ask,0.65941,1000.0,0.000,14
1753273704289,1753273704289,1753273704289,AUDUSD,ask,0.65947,50000.0,0.000,14
1753273704289,1753273704289,1753273704289,AUDUSD,ask,0.65946,30000.0,0.000,14
1753273704289,1753273704289,1753273704289,AUDUSD,ask,0.65956,200000.0,0.000,14
1753273704289,1753273704289,1753273704289,AUDUSD,ask,0.65943,5000.0,0.000,14
1753273704289,1753273704289,1753273704289,AUDUSD,ask,0.65944,10000.0,0.000,14
1753273704289,1753273704289,1753273704289,AUDUSD,bid,0.65937,30000.0,0.000,14
1753273704289,1753273704289,1753273704289,AUDUSD,bid,0.65936,50000.0,0.000,14
1753273704289,1753273704289,1753273704289,AUDUSD,bid,0.65927,200000.0,0.000,14
1753273704289,1753273704289,1753273704289,AUDUSD,bid,0.65938,10000.0,0.000,14
1753273704289,1753273704289,1753273704289,AUDUSD,bid,0.65941,1000.0,0.000,14
1753273704289,1753273704289,1753273704289,AUDUSD,bid,0.65939,5000.0,0.000,14
1753273704289,1753273704289,1753273704289,AUDUSD,ask,0.65950,100000.0,0.000,14
1753273704289,1753273704289,1753273704289,AUDUSD,bid,0.65933,100000.0,0.000,14
1753273704886,1753273704886,1753273704886,AUDUSD,ask,0.65941,1000.0,0.000,14
1753273704886,1753273704886,1753273704886,AUDUSD,ask,0.65943,5000.0,0.000,14
1753273704886,1753273704886,1753273704886,AUDUSD,ask,0.65944,10000.0,0.000,14
1753273704886,1753273704886,1753273704886,AUDUSD,bid,0.65927,200000.0,0.000,14
1753273704886,1753273704886,1753273704886,AUDUSD,bid,0.65938,10000.0,0.000,14
1753273704886,1753273704886,1753273704886,AUDUSD,bid,0.65941,1000.0,0.000,14
1753273704886,1753273704886,1753273704886,AUDUSD,bid,0.65939,5000.0,0.000,14
1753273704886,1753273704886,1753273704886,AUDUSD,bid,0.65933,100000.0,0.000,14
1753273704886,1753273704886,1753273704886,AUDUSD,ask,0.65955,200000.0,0.000,14
1753273704886,1753273704886,1753273704886,AUDUSD,ask,0.65949,100000.0,0.000,14
1753273704886,1753273704886,1753273704886,AUDUSD,ask,0.65945,30000.0,0.000,14
1753273704886,1753273704886,1753273704886,AUDUSD,ask,0.65946,50000.0,0.000,14
1753273704886,1753273704886,1753273704886,AUDUSD,bid,0.65935,50000.0,0.000,14
1753273704886,1753273704886,1753273704886,AUDUSD,bid,0.65936,30000.0,0.000,14
1753273705300,1753273705300,1753273705300,AUDUSD,ask,0.65941,1000.0,0.000,14
1753273705300,1753273705300,1753273705300,AUDUSD,ask,0.65943,5000.0,0.000,14
1753273705300,1753273705300,1753273705300,AUDUSD,ask,0.65944,10000.0,0.000,14
1753273705300,1753273705300,1753273705300,AUDUSD,bid,0.65927,200000.0,0.000,14
1753273705300,1753273705300,1753273705300,AUDUSD,bid,0.65938,10000.0,0.000,14
1753273705300,1753273705300,1753273705300,AUDUSD,bid,0.65941,1000.0,0.000,14
1753273705300,1753273705300,1753273705300,AUDUSD,bid,0.65939,5000.0,0.000,14
1753273705300,1753273705300,1753273705300,AUDUSD,ask,0.65946,30000.0,0.000,14
1753273705300,1753273705300,1753273705300,AUDUSD,ask,0.65947,50000.0,0.000,14
1753273705300,1753273705300,1753273705300,AUDUSD,ask,0.65956,200000.0,0.000,14
1753273705300,1753273705300,1753273705300,AUDUSD,ask,0.65950,100000.0,0.000,14
1753273705300,1753273705300,1753273705300,AUDUSD,bid,0.65936,50000.0,0.000,14
1753273705300,1753273705300,1753273705300,AUDUSD,bid,0.65934,100000.0,0.000,14
1753273705300,1753273705300,1753273705300,AUDUSD,bid,0.65937,30000.0,0.000,14
1753273708284,1753273708284,1753273708284,AUDUSD,ask,0.65941,1000.0,0.000,14
1753273708284,1753273708284,1753273708284,AUDUSD,ask,0.65943,5000.0,0.000,14
1753273708284,1753273708284,1753273708284,AUDUSD,ask,0.65944,10000.0,0.000,14
1753273708284,1753273708284,1753273708284,AUDUSD,bid,0.65927,200000.0,0.000,14
1753273708284,1753273708284,1753273708284,AUDUSD,bid,0.65938,10000.0,0.000,14
1753273708284,1753273708284,1753273708284,AUDUSD,bid,0.65941,1000.0,0.000,14
1753273708284,1753273708284,1753273708284,AUDUSD,bid,0.65939,5000.0,0.000,14
1753273708284,1753273708284,1753273708284,AUDUSD,ask,0.65956,200000.0,0.000,14
1753273708284,1753273708284,1753273708284,AUDUSD,ask,0.65950,100000.0,0.000,14
1753273708284,1753273708284,1753273708284,AUDUSD,bid,0.65936,50000.0,0.000,14
1753273708284,1753273708284,1753273708284,AUDUSD,bid,0.65934,100000.0,0.000,14
1753273708284,1753273708284,1753273708284,AUDUSD,bid,0.65937,30000.0,0.000,14
1753273708284,1753273708284,1753273708284,AUDUSD,ask,0.65946,50000.0,0.000,14
1753273708284,1753273708284,1753273708284,AUDUSD,ask,0.65945,30000.0,0.000,14
1753273708483,1753273708483,1753273708483,AUDUSD,ask,0.65941,1000.0,0.000,14
1753273708483,1753273708483,1753273708483,AUDUSD,ask,0.65943,5000.0,0.000,14
1753273708483,1753273708483,1753273708483,AUDUSD,ask,0.65944,10000.0,0.000,14
1753273708483,1753273708483,1753273708483,AUDUSD,bid,0.65927,200000.0,0.000,14
1753273708483,1753273708483,1753273708483,AUDUSD,bid,0.65938,10000.0,0.000,14
1753273708483,1753273708483,1753273708483,AUDUSD,bid,0.65941,1000.0,0.000,14
1753273708483,1753273708483,1753273708483,AUDUSD,bid,0.65939,5000.0,0.000,14
1753273708483,1753273708483,1753273708483,AUDUSD,ask,0.65950,100000.0,0.000,14
1753273708483,1753273708483,1753273708483,AUDUSD,bid,0.65936,50000.0,0.000,14
1753273708483,1753273708483,1753273708483,AUDUSD,bid,0.65934,100000.0,0.000,14
1753273708483,1753273708483,1753273708483,AUDUSD,bid,0.65937,30000.0,0.000,14
1753273708483,1753273708483,1753273708483,AUDUSD,ask,0.65946,50000.0,0.000,14
1753273708483,1753273708483,1753273708483,AUDUSD,ask,0.65945,30000.0,0.000,14
1753273708483,1753273708483,1753273708483,AUDUSD,ask,0.65955,200000.0,0.000,14
1753273709882,1753273709882,1753273709882,AUDUSD,ask,0.65941,1000.0,0.000,14
1753273709882,1753273709882,1753273709882,AUDUSD,ask,0.65943,5000.0,0.000,14
1753273709882,1753273709882,1753273709882,AUDUSD,ask,0.65944,10000.0,0.000,14
1753273709882,1753273709882,1753273709882,AUDUSD,bid,0.65927,200000.0,0.000,14
1753273709882,1753273709882,1753273709882,AUDUSD,bid,0.65938,10000.0,0.000,14
1753273709882,1753273709882,1753273709882,AUDUSD,bid,0.65941,1000.0,0.000,14
1753273709882,1753273709882,1753273709882,AUDUSD,bid,0.65939,5000.0,0.000,14
1753273709882,1753273709882,1753273709882,AUDUSD,bid,0.65936,50000.0,0.000,14
1753273709882,1753273709882,1753273709882,AUDUSD,bid,0.65934,100000.0,0.000,14
1753273709882,1753273709882,1753273709882,AUDUSD,bid,0.65937,30000.0,0.000,14
1753273709882,1753273709882,1753273709882,AUDUSD,ask,0.65946,50000.0,0.000,14
1753273709882,1753273709882,1753273709882,AUDUSD,ask,0.65945,30000.0,0.000,14
1753273709882,1753273709882,1753273709882,AUDUSD,ask,0.65955,200000.0,0.000,14
1753273709882,1753273709882,1753273709882,AUDUSD,ask,0.65949,100000.0,0.000,14
1753273710287,1753273710287,1753273710287,AUDUSD,ask,0.65941,1000.0,0.000,14
1753273710287,1753273710287,1753273710287,AUDUSD,ask,0.65943,5000.0,0.000,14
1753273710287,1753273710287,1753273710287,AUDUSD,ask,0.65944,10000.0,0.000,14
1753273710287,1753273710287,1753273710287,AUDUSD,bid,0.65927,200000.0,0.000,14
1753273710287,1753273710287,1753273710287,AUDUSD,bid,0.65938,10000.0,0.000,14
1753273710287,1753273710287,1753273710287,AUDUSD,bid,0.65941,1000.0,0.000,14
1753273710287,1753273710287,1753273710287,AUDUSD,bid,0.65939,5000.0,0.000,14
1753273710287,1753273710287,1753273710287,AUDUSD,bid,0.65936,50000.0,0.000,14
1753273710287,1753273710287,1753273710287,AUDUSD,bid,0.65937,30000.0,0.000,14
1753273710287,1753273710287,1753273710287,AUDUSD,ask,0.65946,50000.0,0.000,14
1753273710287,1753273710287,1753273710287,AUDUSD,ask,0.65945,30000.0,0.000,14
1753273710287,1753273710287,1753273710287,AUDUSD,ask,0.65955,200000.0,0.000,14
1753273710287,1753273710287,1753273710287,AUDUSD,ask,0.65949,100000.0,0.000,14
1753273710287,1753273710287,1753273710287,AUDUSD,bid,0.65933,100000.0,0.000,14
1753273711300,1753273711300,1753273711300,AUDUSD,ask,0.65944,1000.0,0.000,14
1753273711300,1753273711300,1753273711300,AUDUSD,ask,0.65959,200000.0,0.000,14
1753273711300,1753273711300,1753273711300,AUDUSD,ask,0.65950,50000.0,0.000,14
1753273711300,1753273711300,1753273711300,AUDUSD,ask,0.65946,5000.0,0.000,14
1753273711300,1753273711300,1753273711300,AUDUSD,ask,0.65947,10000.0,0.000,14
1753273711300,1753273711300,1753273711300,AUDUSD,ask,0.65949,30000.0,0.000,14
1753273711300,1753273711300,1753273711300,AUDUSD,ask,0.65953,100000.0,0.000,14
1753273711300,1753273711300,1753273711300,AUDUSD,bid,0.65942,5000.0,0.000,14
1753273711300,1753273711300,1753273711300,AUDUSD,bid,0.65940,30000.0,0.000,14
1753273711300,1753273711300,1753273711300,AUDUSD,bid,0.65930,200000.0,0.000,14
1753273711300,1753273711300,1753273711300,AUDUSD,bid,0.65944,1000.0,0.000,14
1753273711300,1753273711300,1753273711300,AUDUSD,bid,0.65941,10000.0,0.000,14
1753273711300,1753273711300,1753273711300,AUDUSD,bid,0.65939,50000.0,0.000,14
1753273711300,1753273711300,1753273711300,AUDUSD,bid,0.65937,100000.0,0.000,14
1753273711499,1753273711499,1753273711499,AUDUSD,ask,0.65959,200000.0,0.000,14
1753273711499,1753273711499,1753273711499,AUDUSD,ask,0.65950,50000.0,0.000,14
1753273711499,1753273711499,1753273711499,AUDUSD,ask,0.65949,30000.0,0.000,14
1753273711499,1753273711499,1753273711499,AUDUSD,bid,0.65940,30000.0,0.000,14
1753273711499,1753273711499,1753273711499,AUDUSD,bid,0.65930,200000.0,0.000,14
1753273711499,1753273711499,1753273711499,AUDUSD,bid,0.65939,50000.0,0.000,14
1753273711499,1753273711499,1753273711499,AUDUSD,bid,0.65937,100000.0,0.000,14
1753273711499,1753273711499,1753273711499,AUDUSD,ask,0.65948,10000.0,0.000,14
1753273711499,1753273711499,1753273711499,AUDUSD,ask,0.65947,5000.0,0.000,14
1753273711499,1753273711499,1753273711499,AUDUSD,ask,0.65945,1000.0,0.000,14
1753273711499,1753273711499,1753273711499,AUDUSD,ask,0.65954,100000.0,0.000,14
1753273711499,1753273711499,1753273711499,AUDUSD,bid,0.65943,5000.0,0.000,14
1753273711499,1753273711499,1753273711499,AUDUSD,bid,0.65942,10000.0,0.000,14
1753273711499,1753273711499,1753273711499,AUDUSD,bid,0.65945,1000.0,0.000,14
1753273711692,1753273711692,1753273711692,AUDUSD,ask,0.65959,200000.0,0.000,14
1753273711692,1753273711692,1753273711692,AUDUSD,ask,0.65950,50000.0,0.000,14
1753273711692,1753273711692,1753273711692,AUDUSD,ask,0.65949,30000.0,0.000,14
1753273711692,1753273711692,1753273711692,AUDUSD,bid,0.65940,30000.0,0.000,14
1753273711692,1753273711692,1753273711692,AUDUSD,bid,0.65930,200000.0,0.000,14
1753273711692,1753273711692,1753273711692,AUDUSD,bid,0.65939,50000.0,0.000,14
1753273711692,1753273711692,1753273711692,AUDUSD,bid,0.65937,100000.0,0.000,14
1753273711692,1753273711692,1753273711692,AUDUSD,ask,0.65948,10000.0,0.000,14
1753273711692,1753273711692,1753273711692,AUDUSD,ask,0.65947,5000.0,0.000,14
1753273711692,1753273711692,1753273711692,AUDUSD,ask,0.65945,1000.0,0.000,14
1753273711692,1753273711692,1753273711692,AUDUSD,bid,0.65943,5000.0,0.000,14
1753273711692,1753273711692,1753273711692,AUDUSD,bid,0.65942,10000.0,0.000,14
1753273711692,1753273711692,1753273711692,AUDUSD,bid,0.65945,1000.0,0.000,14
1753273711692,1753273711692,1753273711692,AUDUSD,ask,0.65953,100000.0,0.000,14
1753273711897,1753273711897,1753273711897,AUDUSD,ask,0.65959,200000.0,0.000,14
1753273711897,1753273711897,1753273711897,AUDUSD,ask,0.65950,50000.0,0.000,14
1753273711897,1753273711897,1753273711897,AUDUSD,ask,0.65949,30000.0,0.000,14
1753273711897,1753273711897,1753273711897,AUDUSD,bid,0.65940,30000.0,0.000,14
1753273711897,1753273711897,1753273711897,AUDUSD,bid,0.65939,50000.0,0.000,14
1753273711897,1753273711897,1753273711897,AUDUSD,bid,0.65937,100000.0,0.000,14
1753273711897,1753273711897,1753273711897,AUDUSD,ask,0.65948,10000.0,0.000,14
1753273711897,1753273711897,1753273711897,AUDUSD,ask,0.65947,5000.0,0.000,14
1753273711897,1753273711897,1753273711897,AUDUSD,ask,0.65945,1000.0,0.000,14
1753273711897,1753273711897,1753273711897,AUDUSD,bid,0.65943,5000.0,0.000,14
1753273711897,1753273711897,1753273711897,AUDUSD,bid,0.65942,10000.0,0.000,14
1753273711897,1753273711897,1753273711897,AUDUSD,bid,0.65945,1000.0,0.000,14
1753273711897,1753273711897,1753273711897,AUDUSD,ask,0.65953,100000.0,0.000,14
1753273711897,1753273711897,1753273711897,AUDUSD,bid,0.65931,200000.0,0.000,14
1753273712319,1753273712319,1753273712320,AUDUSD,bid,0.65937,100000.0,1.000,14
1753273712319,1753273712319,1753273712320,AUDUSD,bid,0.65943,5000.0,1.000,14
1753273712319,1753273712319,1753273712320,AUDUSD,bid,0.65942,10000.0,1.000,14
1753273712319,1753273712319,1753273712320,AUDUSD,bid,0.65945,1000.0,1.000,14
1753273712319,1753273712319,1753273712320,AUDUSD,bid,0.65931,200000.0,1.000,14
1753273712319,1753273712319,1753273712320,AUDUSD,ask,0.65946,1000.0,1.000,14
1753273712319,1753273712319,1753273712320,AUDUSD,ask,0.65950,30000.0,1.000,14
1753273712319,1753273712319,1753273712320,AUDUSD,ask,0.65948,5000.0,1.000,14
1753273712319,1753273712319,1753273712320,AUDUSD,ask,0.65954,100000.0,1.000,14
1753273712319,1753273712319,1753273712320,AUDUSD,ask,0.65960,200000.0,1.000,14
1753273712319,1753273712319,1753273712320,AUDUSD,ask,0.65951,50000.0,1.000,14
1753273712319,1753273712319,1753273712320,AUDUSD,ask,0.65949,10000.0,1.000,14
1753273712319,1753273712319,1753273712320,AUDUSD,bid,0.65941,30000.0,1.000,14
1753273712319,1753273712319,1753273712320,AUDUSD,bid,0.65940,50000.0,1.000,14
1753273713296,1753273713296,1753273713296,AUDUSD,bid,0.65937,100000.0,0.000,14
1753273713296,1753273713296,1753273713296,AUDUSD,bid,0.65943,5000.0,0.000,14
1753273713296,1753273713296,1753273713296,AUDUSD,bid,0.65942,10000.0,0.000,14
1753273713296,1753273713296,1753273713296,AUDUSD,bid,0.65945,1000.0,0.000,14
1753273713296,1753273713296,1753273713296,AUDUSD,bid,0.65931,200000.0,0.000,14
1753273713296,1753273713296,1753273713296,AUDUSD,ask,0.65946,1000.0,0.000,14
1753273713296,1753273713296,1753273713296,AUDUSD,ask,0.65950,30000.0,0.000,14
1753273713296,1753273713296,1753273713296,AUDUSD,ask,0.65948,5000.0,0.000,14
1753273713296,1753273713296,1753273713296,AUDUSD,ask,0.65954,100000.0,0.000,14
1753273713296,1753273713296,1753273713296,AUDUSD,ask,0.65960,200000.0,0.000,14
1753273713296,1753273713296,1753273713296,AUDUSD,ask,0.65951,50000.0,0.000,14
1753273713296,1753273713296,1753273713296,AUDUSD,ask,0.65949,10000.0,0.000,14
1753273713296,1753273713296,1753273713296,AUDUSD,bid,0.65939,50000.0,0.000,14
1753273713296,1753273713296,1753273713296,AUDUSD,bid,0.65940,30000.0,0.000,14
1753273714284,1753273714284,1753273714285,AUDUSD,ask,0.65946,1000.0,1.000,14
1753273714284,1753273714284,1753273714285,AUDUSD,ask,0.65950,30000.0,1.000,14
1753273714284,1753273714284,1753273714285,AUDUSD,ask,0.65948,5000.0,1.000,14
1753273714284,1753273714284,1753273714285,AUDUSD,ask,0.65954,100000.0,1.000,14
1753273714284,1753273714284,1753273714285,AUDUSD,ask,0.65960,200000.0,1.000,14
1753273714284,1753273714284,1753273714285,AUDUSD,ask,0.65951,50000.0,1.000,14
1753273714284,1753273714284,1753273714285,AUDUSD,ask,0.65949,10000.0,1.000,14
1753273714284,1753273714284,1753273714285,AUDUSD,bid,0.65941,50000.0,1.000,14
1753273714284,1753273714284,1753273714285,AUDUSD,bid,0.65946,1000.0,1.000,14
1753273714284,1753273714284,1753273714285,AUDUSD,bid,0.65932,200000.0,1.000,14
1753273714284,1753273714284,1753273714285,AUDUSD,bid,0.65942,30000.0,1.000,14
1753273714284,1753273714284,1753273714285,AUDUSD,bid,0.65943,10000.0,1.000,14
1753273714284,1753273714284,1753273714285,AUDUSD,bid,0.65944,5000.0,1.000,14
1753273714284,1753273714284,1753273714285,AUDUSD,bid,0.65938,100000.0,1.000,14
1753273714484,1753273714484,1753273714484,AUDUSD,ask,0.65946,1000.0,0.000,14
1753273714484,1753273714484,1753273714484,AUDUSD,ask,0.65950,30000.0,0.000,14
1753273714484,1753273714484,1753273714484,AUDUSD,ask,0.65948,5000.0,0.000,14
1753273714484,1753273714484,1753273714484,AUDUSD,ask,0.65954,100000.0,0.000,14
1753273714484,1753273714484,1753273714484,AUDUSD,ask,0.65960,200000.0,0.000,14
1753273714484,1753273714484,1753273714484,AUDUSD,ask,0.65951,50000.0,0.000,14
1753273714484,1753273714484,1753273714484,AUDUSD,ask,0.65949,10000.0,0.000,14
1753273714484,1753273714484,1753273714484,AUDUSD,bid,0.65941,50000.0,0.000,14
1753273714484,1753273714484,1753273714484,AUDUSD,bid,0.65946,1000.0,0.000,14
1753273714484,1753273714484,1753273714484,AUDUSD,bid,0.65932,200000.0,0.000,14
1753273714484,1753273714484,1753273714484,AUDUSD,bid,0.65942,30000.0,0.000,14
1753273714484,1753273714484,1753273714484,AUDUSD,bid,0.65943,10000.0,0.000,14
1753273714484,1753273714484,1753273714484,AUDUSD,bid,0.65944,5000.0,0.000,14
1753273714484,1753273714484,1753273714484,AUDUSD,bid,0.65939,100000.0,0.000,14
1753273715313,1753273715313,1753273715313,AUDUSD,ask,0.65946,1000.0,0.000,14
1753273715313,1753273715313,1753273715313,AUDUSD,ask,0.65950,30000.0,0.000,14
1753273715313,1753273715313,1753273715313,AUDUSD,ask,0.65948,5000.0,0.000,14
1753273715313,1753273715313,1753273715313,AUDUSD,ask,0.65954,100000.0,0.000,14
1753273715313,1753273715313,1753273715313,AUDUSD,ask,0.65960,200000.0,0.000,14
1753273715313,1753273715313,1753273715313,AUDUSD,ask,0.65951,50000.0,0.000,14
1753273715313,1753273715313,1753273715313,AUDUSD,ask,0.65949,10000.0,0.000,14
1753273715313,1753273715313,1753273715313,AUDUSD,bid,0.65941,50000.0,0.000,14
1753273715313,1753273715313,1753273715313,AUDUSD,bid,0.65946,1000.0,0.000,14
1753273715313,1753273715313,1753273715313,AUDUSD,bid,0.65932,200000.0,0.000,14
1753273715313,1753273715313,1753273715313,AUDUSD,bid,0.65942,30000.0,0.000,14
1753273715313,1753273715313,1753273715313,AUDUSD,bid,0.65943,10000.0,0.000,14
1753273715313,1753273715313,1753273715313,AUDUSD,bid,0.65944,5000.0,0.000,14
1753273715313,1753273715313,1753273715313,AUDUSD,bid,0.65938,100000.0,0.000,14
